2017 3692
259 205 439 292 tCru
470 232 492 286 ι
522 230 562 288 c.
719 231 807 316 ²37

60 366 203 436 (Namque
213 364 273 434 ipso
282 365 369 420 vetita
377 364 416 419 est
425 366 513 419 orbari
524 363 618 419 moesta
627 378 736 434 patente
747 368 758 433 )

60 457 862 532 CurnJuvecommunisquiquondamhahudrenepotes:365
963 455 966 460 ‘

59 560 138 613 Nunc
147 560 229 613 etiam
238 558 352 613 conficta
362 563 426 615 dolo
436 561 572 614 mendacia
581 560 654 629 turpi
788 563 792 566 “

60 658 187 722 Invenit,
202 659 228 710 &
239 659 343 710 Divum
354 672 435 711 terret
445 658 590 711 formidine
601 658 689 711 civis:

61 755 141 809 Nunc
152 756 203 807 asia
214 772 250 807 ex
259 755 337 819 aliis,
351 771 400 807 nec
412 755 524 817 desunt,
537 756 628 808 omina
641 753 747 825 quaerit.

62 852 139 918 Quin
148 853 229 904 etiam
238 852 321 906 castos
331 853 391 905 ausa
400 852 437 905 est
448 870 618 921 corrumpere
626 868 719 908 vates:

63 952 121 1012 Ut,
133 953 194 1003 edm
206 951 270 1006 caesa
282 953 329 1020 pio
339 950 470 1005 cecidisset
480 951 590 1006 victima
604 953 694 1017 fetro,
814 961 870 1018 370

64 1045 169 1109 Essent,
182 1047 229 1116 qui
241 1063 367 1116 generum
379 1049 475 1102 Minoa
485 1049 635 1103 audioribus
644 1048 715 1103 extis

64 1145 182 1215 Iungere
194 1182 202 1209 ,
216 1146 242 1197 δι
252 1146 380 1214 ancipites
390 1146 527 1199 suaderent
539 1150 633 1201 tollere
646 1164 757 1218 pugnas.

65 1245 101 1298 At
113 1242 207 1296 nutrix
215 1232 303 1311 patuli
314 1260 480 1313 componens
492 1244 589 1297 sulfura
598 1244 679 1309 testa,

65 1340 216 1395 Narcissum
226 1380 234 1404 ,
246 1341 393 1411 cafiamquc
403 1381 412 1402 ,
422 1343 516 1394 herbas
526 1341 643 1393 incendit
652 1341 768 1398 olentis:

65 1440 176 1508 Terque
187 1454 294 1491 novena
305 1438 370 1509 ligat
379 1439 479 1506 triplici
491 1438 595 1490 diversa
606 1439 698 1492 colore
820 1452 869 1507 375

66 1535 816 1606 Filazterjngremiummecum,inquit,despue,virgo.

67 1634 179 1702 Despue
192 1648 249 1697 ter,
265 1633 345 1703 virgo
356 1652 363 1685 t
376 1650 489 1685 numero
499 1634 574 1685 Deus
584 1633 685 1701 impare
694 1634 800 1702 gaudet.

67 1731 135 1784 Inde
146 1730 213 1785 Jovi
224 1732 341 1801 geminat
351 1748 448 1800 magno
457 1731 587 1801 stygialia
597 1732 685 1795 sacra,

70 1830 151 1883 Sacra
163 1844 212 1881 nec
224 1829 298 1881 ldae'ts
308 1828 432 1892 senibus,
447 1845 497 1881 nec
508 1829 616 1898 cognita
625 1828 727 1886 Graiis.

70 1927 163 1997 Pergit
174 1928 313 1997 Amyclaeo
325 1927 448 1995 spargens
460 1927 551 1979 altaria
563 1928 665 1993 thallo,
718 1996 722 2001 ·
824 1930 879 1999 380

70 2024 156 2093 Regis
166 2023 287 2076 Iolciacis
295 2023 414 2075 animum
424 2021 538 2092 defigere
550 2025 634 2079 votis.

73 2123 180 2187 Verum
190 2160 199 2186 ‚
210 2121 255 2173 ubi
265 2123 337 2173 nulla
347 2135 441 2173 movet
450 2120 568 2173 stabilem
578 2123 679 2176 fallacia
688 2124 797 2190 Nisum,

72 2222 133 2275 Nec
143 2218 249 2288 possunt
258 2220 456 2281 homines,nec
464 2216 573 2285 possunt
581 2218 686 2273 dedere
698 2222 784 2276 Divi:
863 2271 867 2276 .

75 2317 186 2386 (Tanta
195 2316 232 2369 est
243 2318 271 2368 in
280 2333 365 2385 parvo
374 2315 470 2368 siducia
479 2315 552 2368 crine
561 2316 671 2370 cavendi
683 2321 712 2386 ε)

74 2416 179 2469 Rursus
189 2417 222 2465 ad
234 2415 369 2483 inceptum
380 2414 479 2468 sociam
490 2414 518 2467 sc
529 2413 647 2484 adjungit
656 2404 788 2481 alumnae,
827 2422 877 2491 385

75 2513 296 2581 Purpureumque
308 2527 381 2580 parat
392 2512 479 2564 rursus
490 2513 600 2565 tondere
611 2513 754 2581 capillum,

79 2614 151 2665 Cum
162 2612 247 2679 longo
258 2608 392 2679 quodiam
403 2625 490 2677 captat
502 2608 651 2680 succurrere
659 2610 755 2666 amoti.

76 2710 146 2763 Non
154 2708 243 2762 minus
251 2708 826 2779 illatamenrevehi,quodmoeniacrescant,

80 2807 222 2861 Gaudeat:
234 2808 261 2860 &
270 2806 353 2860 cineri
362 2806 453 2874 patriae
463 2804 499 2857 est
508 2790 621 2871 jucunda
630 2808 742 2877 sepulto.

79 2905 153 2979 Ergo
162 2919 237 2959 metu
245 2903 327 2976 capiti
335 2905 425 2976 Scylla
433 2902 588 2964 estinimica
595 2919 718 2977 pacatum
798 2928 884 2988 ¹390
