2017 3692
258 229 511 330 [tulare
561 225 708 312 VIII.
769 212 821 340 {9

84 397 155 451 Artis
165 393 277 465 opisque
287 409 339 448 ruae
349 412 358 455 ·‚
368 409 417 447 nec
426 407 453 446 te
463 431 471 456 ,
482 389 609 444 cariffime
619 389 736 457 conjux,

84 487 245 548 lncaffumve
261 507 322 544 tuos
333 489 411 543 volui
420 505 544 542 exercere
552 489 655 541 labores
666 507 676 548 ·,

86 587 215 656 Quamvis
226 588 253 640 δι
262 585 361 638 Priami
370 585 490 639 deberem
500 585 613 654 plurima
624 582 709 649 natis,

87 672 118 738 Et
129 686 223 736 durum
233 682 326 735 AEneae
338 679 466 734 fleviffem
478 681 547 750 saepe
555 681 683 735 laborem.
819 681 884 749 „³80

86 782 181 846 Nunc,
195 781 209 834 J
213 779 274 832 ovis
290 777 428 847 imperiis,
444 778 607 832 Rutulorum
618 775 736 831 constitit
744 777 799 832 oris
811 798 818 831 ι

88 879 155 948 Ergo
168 877 259 929 eadem
266 876 378 944 supplex
386 874 485 936 venio,
499 875 526 926 δι
536 874 653 927 ίειιιᾶιιπι
659 874 726 928 mihi
731 892 829 928 numen

88 975 168 1027 Arma
180 990 248 1043 rogo
261 1012 269 1037 ,
282 971 398 1043 genitrix
409 985 482 1024 nato.
494 971 534 1024 Te
545 968 601 1022 lilia
612 971 713 1035 Nerei,
876 954 880 962 λ

89 1073 129 1124 Te
138 1070 228 1140 potuit
237 1067 363 1138 lacrymis
371 1064 501 1119 Tithonia
510 1064 615 1119 delicte
626 1066 734 1132 conjux.

90 1168 185 1237 Aspice
195 1166 241 1236 qui
251 1166 346 1218 codam
357 1164 452 1234 populi
464 1203 472 1228 ‚
485 1181 543 1232 quae
553 1163 653 1217 moenia
663 1163 754 1218 claulis
837 1171 884 1235 335

91 1267 200 1318 Ferrum
211 1276 304 1316 acuant
310 1260 396 1330 portis
405 1259 434 1311 iu
443 1275 486 1312 me
493 1297 501 1324 ‚
509 1259 694 1329 excidiumque
700 1276 832 1317 meorum.

127 1361 241 1414 Dixerat
253 1398 261 1424 ‚
278 1360 304 1411 &
316 1357 404 1411 niveis
414 1355 478 1410 hinc
487 1371 567 1428 atque
575 1357 638 1412 hinc
646 1358 719 1412 Diva
730 1361 834 1412 lacertis

92 1456 267 1510 Cunilantem
278 1458 403 1524 amplexu
415 1455 492 1508 molli
501 1455 577 1508 fovet
588 1476 595 1509 z
607 1439 652 1509 ille
664 1456 773 1524 repent'e
880 1440 884 1450 ¹

91 1555 202 1623 Accepit
215 1553 320 1607 solitam
332 1551 483 1616 flammam,
495 1553 626 1621 notusque
636 1555 762 1608 medullas

92 1652 206 1705 Intravit
218 1653 309 1713 calor,
322 1650 349 1703 ὅ(
357 1649 481 1703 labefasta
490 1668 538 1719 per
549 1650 605 1704 offa
615 1654 745 1707 cucurrit:
781 1682 784 1688 ,
842 1671 893 1723 390

92 1752 157 1802 Non
169 1724 242 1802 secus
252 1763 330 1817 atque
343 1747 410 1800 olim
421 1746 525 1800 tonitru
535 1748 595 1800 clun
605 1763 681 1818 rupta
691 1753 801 1805 corusco

92 1848 174 1918 Ignea
184 1845 251 1898 rima
260 1843 495 1913 micanspercurrit
503 1846 605 1899 lumine
614 1847 729 1903 nimbos.

13 2000 15 2003 ,
94 1944 182 1998 Senfit
193 1946 253 1996 laera
264 1942 351 2005 dolis,
364 1943 391 1994 &
399 1942 492 1996 formae
502 1943 607 1996 conscia
615 1944 725 2011 conjux.

95 2042 169 2119 Tum
177 2054 252 2110 pater
261 2056 361 2093 aterno
371 2039 440 2093 latur
449 2038 587 2093 devincitis
598 2057 707 2096 amore:

95 2138 173 2214 Quid
181 2137 270 2190 causas
281 2135 350 2206 petis
361 2152 397 2188 ex
407 2134 589 2189 altolfiducia
598 2135 670 2190 cellit
845 2158 893 2212 395

101 2234 170 2302 Qud
179 2234 228 2288 tibi
241 2273 249 2298 ,
264 2236 337 2289 Diva
347 2273 355 2298 ,
365 2232 439 2291 mei?
452 2232 544 2287 similis
556 2233 575 2286 fi
587 2252 648 2288 cura
659 2234 763 2303 stridet,
791 2297 794 2300 ⁴

97 2333 170 2384 Tum
182 2348 290 2401 quoque
299 2332 337 2384 fas
348 2329 425 2383 nohis
433 2331 553 2384 Teucros
564 2348 664 2386 armare
673 2332 768 2387 fuiffet.

93 2429 155 2482 Nec
168 2428 245 2481 Pater
255 2427 427 2495 omnipotens
438 2425 567 2492 Troiam,
583 2445 633 2481 uec
641 2429 694 2481 fata
702 2432 827 2483 vetabant

95 2528 176 2579 Stare
183 2563 191 2589 ,
199 2525 341 2595 decemque
347 2524 415 2577 alios
421 2524 555 2577 Priamum
562 2525 690 2595 supereffe
696 2544 744 2595 per
749 2544 843 2581 annos.

96 2621 225 2685 Etnuuc,
237 2620 362 2675 fibellare
374 2638 471 2690 paras,
484 2635 562 2691 atque
573 2623 629 2675 haec
638 2622 826 2689 tibimercsest‚
847 2647 902 2696 400

96 2716 240 2788 Quicquid
248 2716 277 2769 iu
288 2730 342 2769 arte
352 2733 411 2770 mea
422 2714 526 2786 polium
538 2719 694 2787 promittere
703 2738 771 2775 curae
782 2762 790 2786 ,

96 2817 185 2882 Quod
197 2812 256 2867 lieri
265 2813 336 2867 ferro
349 2852 357 2878 ‚
371 2813 511 2883 liquidove
522 2815 608 2883 potest
618 2816 717 2885 eledlro
729 2858 736 2882 ‚

96 2908 241 2980 Quan'tum
253 2909 328 2982 ignes
341 2908 488 2981 animaque
500 2915 605 2966 valent:
619 2913 706 2968 absiste
714 2904 847 2986 ¹precando

178 3008 263 3059 Tamus
283 3005 298 3058 l
304 3005 327 3062 l.
711 3014 732 3065 C
