2017 3692
206 275 225 317 ς
301 241 567 322 Curam
692 252 921 325 'ui·.

65 398 169 454 Omnis
180 400 270 458 Roma
279 404 358 457 dectus
369 403 458 474 magui
470 420 539 473 quos
551 400 660 472 suscipit
668 400 751 456 orbis.

65 500 119 552 Hic
129 500 222 564 Fabii,
237 501 388 571 Deciique‚
403 503 447 555 bic
458 500 495 555 est
508 503 534 554 δι
544 500 656 556 Horatia
664 499 751 552 virtus
763 516 770 552 ι
819 500 873 568 360

64 597 119 649 Hic
132 598 160 650 &
169 598 239 650 fama
248 614 326 652 vetus
336 615 481 668 numquam
490 597 620 650 moritura
634 595 740 649 Camilli
750 615 758 649 ε
824 627 828 646 ι

64 694 216 748 Curtius&
227 696 323 750 mediis
335 712 416 764 quem
429 697 563 764 quondam
575 693 677 748 sedibus
687 692 759 748 urbis
823 713 826 718 ·

64 794 209 845 Devotum
220 794 297 847 bellis
307 795 470 863 consumpfit
479 792 591 865 gurgitis
600 790 721 846 haustus:

63 891 172 952 Mutius
183 892 210 945 bt
221 894 335 960 prudeus
344 893 466 946 ardorem
477 907 591 961 corpore
599 889 704 963 pallus,
800 887 803 893 ’

64 988 201 1059 Legitime
210 988 282 1042 ceffit
293 991 337 1043 cui
347 990 429 1044 ltalia
439 992 561 1059 potentia
569 988 650 1060 regis.
816 985 866 1056 365

64 1085 120 1138 Hie
130 1086 227 1138 Cutius
239 1088 314 1139 clarae
324 1087 413 1141 socius
421 1087 551 1151 virtutis,
567 1088 650 1142 &ille
675 1121 678 1125 -

64 1181 213 1238 flaminius
224 1222 233 1247 ,
245 1185 344 1240 devota
353 1184 425 1240 dedit
434 1184 481 1254 qui
492 1200 607 1253 corpora
615 1184 739 1242 flamma.

64 1280 79 1336 J
82 1298 130 1334 ure
141 1281 224 1352 igitur
232 1282 293 1334 talis
303 1282 377 1336 sedes
386 1281 493 1350 pietatis
504 1282 629 1334 honorat.
706 1351 709 1360 Ι

63 1379 125 1434 Illic
133 1379 316 1449 Scipiadaeque
326 1380 424 1443 duces,
440 1380 540 1433 devota
550 1378 692 1449 triumphis
742 1432 745 1440 ,

64 1475 173 1532 Maeuia
185 1494 254 1546 quos
265 1478 373 1546 rapidos
383 1479 491 1547 Libyca
504 1475 671 1548 Carthaginis
682 1476 801 1545 honerat,
816 1490 869 1546 370

62 1574 108 1627 Illi
117 1575 193 1627 laude
203 1576 248 1630 sua
260 1575 388 1647 vigeant:
401 1593 453 1647 ego
464 1576 538 1632 Ditis
548 1592 649 1644 opacos

65 1674 161 1741 Cogor
169 1672 240 1726 adite
249 1675 322 1727 lacus
335 1712 343 1737 ‚
355 1673 454 1726 viduos
463 1690 479 1726 a
488 1673 589 1728 lumine
602 1669 712 1726 Phoebit

62 1771 99 1824 Et
109 1769 213 1824 vastum
225 1771 417 1841 Phlegethonta
429 1772 501 1840 pati:
515 1787 571 1840 quo
582 1769 699 1824 maxima
707 1767 802 1823 Minos
875 1825 877 1830 ,

63 1868 252 1933 conscelerata
262 1868 308 1938 pia
317 1869 441 1923 disceruit
450 1868 559 1923 vincula
567 1870 637 1926 sede.

61 1967 135 2038 hgo
144 1966 198 2035 jam
210 1965 324 2022 cauffam
335 1968 431 2024 mortis
442 1986 486 2023 me
497 1969 583 2024 dicere
593 1967 692 2022 vinllae
788 1971 790 1974 ’
813 1983 863 2042 375

61 2065 226 2121 Verberibus
235 2067 309 2120 sevo
317 2083 418 2138 coguut
428 2069 460 2121 ab
471 2066 558 2133 iudice
569 2083 672 2137 poena:

63 2163 134 2228 clim
143 2162 210 2216 mihi
221 2163 295 2217 rufis
307 2165 382 2217 causa
394 2164 458 2218 mali
469 2183 477 2225 ;
492 2182 543 2220 nec
552 2164 673 2218 conscius
682 2164 763 2222 adlisa

60 2262 120 2315 Nec
128 2259 309 2314 tolerabilibus
318 2259 389 2314 curis
398 2261 454 2314 haec
464 2262 606 2314 immemor
615 2261 688 2314 audis
699 2280 708 2314 r

60 2358 131 2425 Qua
142 2371 233 2411 tamen
242 2373 273 2411 ur
281 2359 360 2412 vanis
369 2358 512 2413 demittens
523 2358 614 2438 munia
624 2357 714 2412 ventis
725 2395 734 2422 ,

60 2453 211 2525 Digredior
222 2471 366 2524 numquam
377 2455 509 2511 rediturus
520 2476 526 2510 :
537 2470 568 2510 tu
577 2457 637 2511 cole
645 2456 744 2524 fontis,
810 2462 862 2529 380

59 2555 94 2607 Et
104 2552 200 2607 viridis
210 2570 350 2608 nemorum
360 2554 467 2624 sylvas,
480 2555 611 2625 &pascua
621 2557 709 2612 laetus’.
759 2611 762 2616 ,

58 2651 167 2716 Etruea
176 2649 282 2706 diffusas
294 2652 429 2722 rapiantur
440 2652 508 2707 diua
519 2670 568 2722 per
577 2670 662 2708 auras.

58 2749 143 2803 Dixit
155 2768 163 2803 t
180 2750 207 2803 δι
217 2764 338 2804 extrema
346 2750 427 2803 tristis
437 2766 498 2803 cum
506 2766 576 2805 voce
587 2750 698 2812 recellit.

57 2848 141 2900 Hunc
149 2846 195 2899 ubi
205 2845 349 2900 sollicitum
360 2847 459 2900 dimisit
468 2847 563 2904 inertia
571 2848 655 2914 vitae,

57 2943 175 3004 Interius
186 2944 304 3017 graviter
314 2959 433 2999 mentem
444 2961 514 3016 ager
526 2965 533 3002 ι
546 2962 596 2999 nec
605 2947 666 2999 tulit
674 2947 744 3000 ultra
808 2954 858 3022 385

558 3043 697 3110 uffi-
