2017 3692
167 276 243 380 1'38
353 268 698 353 AENaroos

161 433 213 488 Per
222 433 314 505 sylvas
324 435 437 500 Teucri,
450 434 584 505 mixtique
593 433 704 505 impune
715 433 823 499 Latini,

107 525 156 581 ¹35
165 533 292 587 Erravete
302 531 382 604 jugis.
393 536 475 587 Petro
484 534 562 588 sonat
571 534 624 587 iua
632 532 744 605 bipenni

112 682 114 687 .
160 630 288 684 Fraxinus
302 651 309 684 r
321 646 446 686 evertunt
457 632 528 686 abias
540 635 573 686 ad
584 632 665 686 fidera
676 633 772 702 pinus:

159 727 268 780 Robora
279 744 328 782 net
337 729 446 794 cuneis,
459 731 486 783 dr
495 732 614 783 olentem
625 731 743 784 scindere
752 729 862 784 cedrum
881 735 892 793 ,'
990 736 991 757 ¹

160 827 218 879 Nec
228 826 350 895 plaustris
363 826 460 881 cessant
470 827 577 881 vestare
588 827 755 900 gementibus
767 843 862 881 ornos.

198 923 230 976 Et
241 920 294 988 iam
305 924 374 977 sama
384 926 500 991 volans,
516 924 584 978 tanti
594 925 742 994 prenuntia
750 923 852 989 lubids,
993 986 994 1020 1

108 1019 317 1073 140Evaudrum
332 1021 500 1091 Evandrique
512 1023 609 1076 domos
622 1023 649 1075 dr
660 1021 761 1074 moenia
774 1022 909 1089 complet,
993 1050 995 1095 i

161 1117 230 1184 Quae
241 1115 324 1170 modb
335 1117 468 1171 vidiotem
479 1118 558 1171 Latio
570 1118 687 1171 Pallanta
697 1118 805 1172 serebat.

160 1214 275 1266 Arcades
286 1214 319 1266 ad
330 1228 421 1282 portas
432 1229 525 1279 ruere,
536 1216 562 1267 dr
571 1215 603 1267 de
613 1230 689 1268 more
697 1212 804 1267 verusio

162 1311 294 1364 funereas
306 1327 416 1380 rapuere
427 1312 497 1366 saces
510 1330 517 1365 :
530 1313 602 1365 lucet
612 1311 658 1365 via
668 1314 752 1382 longo

162 1406 266 1462 Ordine
275 1406 441 1461 flammarum
453 1427 462 1469 ·,
475 1408 502 1461 dr
511 1405 565 1462 late
574 1407 737 1461 discriminat
748 1425 837 1480 agros.

108 1513 156 1567 145
168 1503 268 1558 Contra
280 1505 356 1558 rurba
366 1505 503 1576 Phrygum
511 1505 626 1559 veniens
635 1504 789 1577 plangentia
797 1504 913 1577 jungunt

162 1602 285 1673 Agmina.
299 1603 366 1670 Quae
378 1602 519 1672 postquam
529 1618 626 1657 matres
636 1602 775 1657 succedere
785 1601 863 1656 tectis

161 1699 311 1763 Viderunt,
324 1698 444 1752 moestam
460 1699 605 1752 incendunt
617 1699 778 1754 clamoribus
790 1701 893 1755 urbem.

161 1797 198 1848 At
209 1812 268 1849 non
276 1797 428 1850 Evandrum
436 1797 510 1865 potis
521 1796 558 1850 est
565 1797 610 1850 vis
619 1798 673 1850 ulla
682 1811 792 1859 teneret

162 1894 213 1947 Sed
221 1893 299 1948 venit
307 1894 337 1947 in
349 1895 453 1948 medios
465 1913 472 1948 ι
484 1894 584 1948 seretto
593 1895 711 1949 Pallanta
722 1893 829 1964 reposto

110 1992 317 2056 t5ol²rocumbit
322 1993 489 2062 super,atque
494 1991 578 2047 buret
584 1992 783 2063 lacrymansque
788 1990 959 2064 gemensque,

169 2089 202 2142 Et
210 2089 257 2142 via
264 2088 315 2143 vix
324 2091 430 2141 tandem
438 2087 504 2143 voci
515 2091 603 2143 laxata
615 2090 709 2143 dolore
720 2089 770 2143 est:

162 2189 228 2242 Non
237 2188 308 2251 brec,
324 2186 424 2240 bPalla
436 2226 444 2251 ,
460 2186 568 2240 dederas
579 2184 705 2256 promissa
716 2183 839 2257 parenti,

164 2285 274 2339 Cautius
284 2300 315 2338 ιιι
324 2286 397 2339 saevo
405 2286 490 2337 velles
502 2298 530 2337 te
540 2285 645 2337 credere
657 2284 749 2338 Marti.

163 2383 242 2435 Haud
251 2382 356 2452 ignarus
368 2397 441 2434 eram
453 2380 581 2450 quantt'rm
590 2396 664 2433 nova
673 2380 757 2451 gloria
766 2380 797 2434 in
808 2381 891 2438 armis
903 2389 913 2449 ,’

110 2481 201 2549 155121
213 2482 343 2548 praedulce
355 2481 434 2533 decus
443 2479 534 2548 primo
543 2477 687 2532 certamine
698 2476 794 2548 poffet.

164 2577 292 2633 Primitiae
303 2577 410 2645 juvenis
422 2576 525 2631 miserae
535 2616 543 2641 ‚
554 2575 670 2646 bellique
680 2577 829 2648 propinqui

162 2678 239 2730 Dura
247 2675 413 2739 rudimenta,
427 2674 454 2728 dt
466 2673 534 2727 nulli
545 2673 668 2728 exaudita
679 2674 802 2726 Deorum

164 2776 240 2829 Vota
250 2773 393 2843 precesque
402 2788 469 2824 meae
480 2776 487 2827 l
499 2786 597 2841 tuque,
607 2769 626 2824 d
636 2768 792 2823 sanuiffima
801 2771 912 2838 conjux,

164 2871 241 2925 Felix
253 2883 341 2924 morte
349 2868 413 2932 tui,
428 2884 515 2937 neque
528 2867 557 2919 in
567 2869 638 2921 bunc
649 2867 752 2920 servata
761 2869 899 2923 dolorem!

113 2966 165 3018 160
173 2966 273 3022 contri
281 2983 332 3037 ego
343 2965 464 3018 vivendo
473 2963 530 3017 vici
540 2980 600 3018 mea
608 2964 661 3018 sata
670 3002 678 3028 ,
688 2961 815 3039 superdea
