2017 3692
253 190 506 295 rma
556 188 703 276 νηί.
764 174 816 302 49

103 362 166 421 lutis¹
172 358 272 430 opisque
282 373 335 412 tuae
344 376 353 419 ⁴,
362 374 413 410 nec
422 371 448 410 te
459 396 466 420 ‚
477 353 604 408 catillime
614 351 731 420 conjux,

103 451 242 512 lrcaffumve
256 472 317 509 mos
329 453 406 506 volui
415 469 539 506 exercere
546 453 651 504 labores
662 471 671 511 3

103 552 211 621 Quamvis
222 550 356 611 &Priami
366 551 486 603 deberem
495 549 609 618 plurima
619 545 705 612 natis,

102 637 130 702 Et
140 651 219 701 durum
229 647 321 700 AEneae
333 631 462 699 lievillem
474 645 542 714 saepe
551 645 678 698 laborem.
815 643 879 711 ‚380

100 747 183 811 Nunc,
195 727 272 800 iovis>
286 743 424 812 imperiis,
439 744 603 796 Rutulorum
614 739 731 794 constitit
740 739 795 794 oris
807 762 813 793 :
912 774 923 779 --

22 886 23 889 ,
101 844 162 912 Ergo
172 843 255 894 cidem
262 841 374 909 supplex
382 839 481 900 venio,
495 839 522 890 ἃ
531 837 648 913 sarlium
654 838 826 907 mihinumen

100 940 172 992 Arma
182 955 244 1007 rogo
258 978 265 1002 ,
277 936 394 1008 genitrix
405 951 478 989 nato.
489 933 529 988 Te
541 932 596 987 filia
608 934 709 998 Nerei,
872 918 876 925 ⁵

100 1038 136 1089 Te
145 1035 225 1104 potuit
233 1032 358 1103 lacrymis
367 1029 496 1084 Tithonia
505 1029 611 1083 flectere
621 1030 730 1096 conjux.

24 1170 27 1176 -
99 1133 186 1201 Aspice
195 1131 238 1200 qui
247 1131 342 1183 coiant
353 1128 448 1198 populi
460 1168 467 1193 ,
481 1146 539 1197 quae
549 1128 649 1181 moenia
659 1126 750 1182 clausis
790 1108 794 1113 ι
820 1134 880 1205 ,335

99 1232 199 1283 Ferrum
209 1242 300 1280 acuant
306 1225 392 1295 portis
402 1224 690 1293 iume‚excidiumque
697 1240 828 1280 meorum.

130 1325 238 1378 Dixerat
250 1363 257 1387 ‚
275 1325 301 1376 δι
312 1322 400 1375 niveis
411 1321 474 1374 binc
484 1336 563 1391 atque
571 1322 634 1376 hinc
642 1323 716 1376 Diva
726 1323 830 1376 lacertis

98 1421 264 1475 Cunclantenr
275 1422 400 1489 amplexu
411 1419 489 1472 molli
497 1419 574 1472 fovet
584 1441 591 1473 r
603 1403 648 1473 ille
660 1420 769 1488 repent'e
876 1403 880 1413 ¹

95 1520 201 1588 Accepit
212 1518 317 1571 solitam
329 1516 480 1580 flammam,
492 1517 623 1585 notusque
633 1519 758 1572 medullas

95 1617 205 1669 Intravit
216 1618 305 1679 calor,
318 1616 345 1668 ὅ(
354 1614 477 1668 Ιὼείεᾶα
486 1632 534 1683 per
546 1613 601 1668 olla
612 1618 742 1671 cucurritr
777 1645 780 1652 ,
838 1634 890 1687 390

93 1713 157 1767 Non
167 1689 239 1767 secus
249 1728 327 1782 atque
340 1711 406 1765 olim
417 1711 591 1765 tonitruclrm
601 1727 678 1782 rupta
687 1717 797 1768 corusco

92 1813 172 1883 Ignea
182 1811 249 1863 rima
258 1809 357 1862 micans
363 1808 491 1877 percurrit
499 1810 601 1864 lumine
610 1811 726 1866 nimbos.

93 1909 179 1962 Senlit
190 1910 251 1960 laeta
261 1906 330 1960 dolis
341 1945 348 1969 ‚
361 1906 388 1959 δι
396 1906 489 1961 forma
498 1907 603 1960 conscia
613 1908 721 1974 conjux.

93 2006 166 2083 Turn
174 2019 250 2074 pater
258 2019 359 2057 aetemo
368 2004 437 2057 fatur
446 2002 584 2058 devindtus
595 2021 704 2060 amore:

91 2099 347 2178 Quidcausaspetis
359 2115 394 2152 ex
404 2098 692 2154 altolfiduciaceffit
842 2121 890 2175 395

96 2199 164 2266 Quo
174 2197 225 2252 tibi
238 2237 246 2262 ,
261 2200 335 2251 Diva
345 2236 353 2262 ,
363 2197 436 2255 mei?
449 2196 541 2251 limilis
553 2197 572 2250 fi
584 2215 645 2251 cura
655 2198 759 2265 sufflet,

89 2297 164 2348 Tum
178 2312 288 2366 quoque
296 2296 334 2348 ias
345 2295 423 2349 nobis
431 2295 550 2348 Teucros
561 2312 661 2348 armare
670 2284 765 2350 firiffct.

85 2393 149 2446 Nec
161 2392 242 2445 Pater
253 2391 425 2459 omnipotens
436 2390 564 2456 Troiam,
580 2409 630 2444 nec
638 2393 690 2445 fata
699 2395 824 2446 vetabant

85 2492 169 2543 Stare
177 2527 186 2553 ,
194 2490 339 2559 decemque
345 2488 413 2541 alios
419 2488 553 2541 Priamum
560 2489 687 2558 supereffe
693 2507 741 2559 per
746 2508 841 2544 annos.

82 2585 223 2649 Etnunc,
235 2584 361 2639 fibellare
372 2602 448 2654 paras
460 2624 468 2649 ‚
481 2599 560 2655 atque
570 2587 627 2639 hac
635 2586 823 2652 tibimensest‚
844 2610 899 2659 400

81 2680 237 2751 Quicquid
246 2680 275 2732 in
286 2694 341 2734 arte
350 2697 409 2734 mea
420 2678 524 2750 poffum
535 2683 691 2751 promittere
700 2702 768 2738 curae
779 2726 787 2749 ,

79 2780 178 2846 Quod
192 2758 256 2830 lieri
264 2777 334 2830 ferro
347 2816 355 2841 ‚
370 2775 509 2846 liquidove
520 2779 606 2847 potest
616 2779 733 2847 cletiro,
881 2848 885 2855 ι

76 2872 240 2945 Quantum
252 2872 326 2944 ignes
339 2873 486 2945 animaque
498 2879 602 2930 valent:
617 2876 704 2930 ablille
712 2867 845 2949 precando
858 2944 860 2947 ι

169 2972 262 3023 Tomur
282 2969 297 3022 I
302 2969 326 3026 I.
708 2977 730 3029 c
