2017 3692
156 215 208 322 98
356 204 698 288 AENrroos

155 368 301 424 Obfidione
311 369 399 424 sines?
412 370 494 423 mutis
508 370 605 423 iterum
616 367 740 421 imminet
748 364 833 420 hostis

153 466 291 520 Nascentis
302 466 408 534 Troia,
419 483 534 521 necnon
546 466 678 520 exercitus
691 467 772 518 alter:
878 497 881 501 -
910 474 921 495 '

154 563 349 637 Atque'fetum
359 566 388 619 in
398 567 518 619 Teucros
529 565 630 619 AEtolit
640 563 723 635 surgit
734 565 767 616 ab
778 562 861 631 Arpis

153 661 282 732 Tydides.
292 663 439 733 Equidem,
455 665 554 727 credo,
570 679 629 716 mea
637 664 749 715 vulnera
760 660 874 723 restant3

100 759 135 812 30
154 759 187 812 Et
196 774 241 812 tua
250 759 393 831 progenies
404 759 528 813 mortalia
539 761 665 814 demoror
675 776 756 813 arma.

154 855 183 908 Si
192 854 247 909 sure
255 873 320 925 pace
330 871 462 927 timetque
472 857 561 911 invito
572 857 681 910 numine
691 857 778 910 Ttods

153 954 253 1006 ltaliam
264 954 365 1023 petiere
375 974 384 1015 ·,
396 957 470 1008 luant
479 969 587 1024 peccata
596 993 605 1019 ,
615 971 702 1024 neque
711 954 774 1008 illos

153 1050 260 1105 luveris
276 1050 388 1104 auxilio.
401 1051 450 1105 Sin
460 1065 502 1105 tot
517 1051 642 1122 responsa
653 1051 756 1116 secuti,

155 1149 222 1215 Qua
227 1148 322 1218 Superi
327 1150 472 1220 Manesque
478 1150 629 1211 dabanttcur
635 1166 705 1203 nunc
712 1163 757 1202 tua
763 1147 902 1219 quisquam

100 1249 130 1305 35
153 1246 267 1299 Vertere
275 1244 341 1312 juffa
352 1245 459 1316 potest?
471 1262 517 1300 aut
528 1263 574 1299 eur
585 1262 658 1300 nova
667 1248 781 1299 condere
792 1246 865 1300 sata?

154 1342 228 1409 Quid
238 1358 357 1413 repetam
367 1342 471 1397 exustas
480 1342 598 1415 Erycino
608 1342 637 1396 in
646 1342 738 1396 littore
749 1340 859 1396 clades?

153 1440 228 1508 Quid
237 1441 420 1512 tempestatum
430 1443 550 1513 Regem,
561 1440 710 1511 ventosque
721 1440 840 1494 furentes

153 1536 245 1592 AEolid
258 1538 362 1592 excitos
373 1576 381 1602 ,
394 1553 439 1591 aut
449 1538 534 1592 adtam
544 1538 655 1592 nubibus
664 1538 750 1591 Irim?

153 1636 233 1688 Nunc
242 1635 322 1689 etiam
331 1636 427 1691 Manes
439 1635 516 1702 (haee
524 1635 652 1689 intentata
662 1635 784 1687 manebat

98 1741 134 1789 40
154 1734 217 1786 Sors
227 1751 315 1787 rerum
326 1732 338 1801 )
349 1749 443 1787 movet
453 1754 460 1787 z
472 1735 499 1786 δι
511 1733 613 1804 superis
622 1731 736 1786 immitia
745 1730 857 1801 repetite

154 1831 267 1897 Alecto,
284 1832 385 1886 medias
395 1831 492 1886 lmtm
502 1831 626 1886 bacchata
637 1846 685 1900 per
695 1830 783 1883 urbes.

154 1929 201 1982 Nil
213 1929 291 1998 super
302 1928 417 1999 imperio
429 1944 561 1993 moveor:
575 1928 739 1996 speravimus
749 1925 811 1991 ista,

155 2028 230 2080 Dum
240 2027 348 2081 fortuna
358 2027 409 2081 fuit
419 2046 426 2080 ε
436 2026 547 2081 vincant
558 2067 566 2091 ,
579 2044 649 2097 quot
658 2025 768 2080 vincere
779 2025 878 2080 mavis.

155 2124 184 2176 Si
197 2126 268 2177 nulla
280 2123 316 2177 est
328 2123 404 2195 regio
417 2123 545 2189 ‚Teucris
557 2141 636 2194 quam
648 2126 692 2178 det
705 2139 750 2177 tua
759 2123 862 2189 conjux

101 2230 133 2280 45
155 2224 231 2275 Dura
242 2241 249 2276 :
260 2239 309 2291 per
319 2222 433 2287 eversae,
444 2222 551 2292 genitor
564 2262 572 2286 ‚
584 2221 711 2276 fumantia
723 2220 813 2287 Trojae

156 2319 265 2373 Excidit
277 2302 411 2382 obtestor5
426 2319 505 2373 liceat
517 2319 651 2373 dimittere
660 2320 692 2371 ab
701 2319 782 2371 armis

155 2420 322 2473 Incolumem
331 2418 486 2482 Ascanium,
500 2418 579 2471 liceat
588 2415 717 2486 supereffe
727 2431 866 2485 nepotem.

156 2516 255 2570 AEneas
267 2515 329 2569 san‘e
338 2516 439 2587 ignotis
448 2515 559 2582 jadtetur
568 2516 597 2567 in
606 2514 702 2575 uudir3

156 2616 204 2680 Et,
217 2630 410 2685 quamcumque
421 2613 495 2666 viam
505 2612 607 2666 dederit
620 2612 727 2666 fortuna
739 2651 747 2676 ,
760 2613 884 2681 sequatur
895 2631 903 2666 ι

104 2723 136 2774 50
156 2714 235 2766 Hunc
246 2727 337 2783 tegere
346 2749 355 2776 ‚
366 2711 393 2764 δι
402 2712 465 2764 dira
473 2712 579 2765 valeam
589 2711 731 2763 subducere
740 2726 848 2781 pugnae.
903 2758 908 2766 .

157 2806 901 2888 EstArnzthus‚estcelsamiltiPrphos,atquecytltera,
990 2798 991 2807 ¹

156 2908 297 2979 Idaliaeque
308 2908 420 2963 domus:
433 2905 527 2975 pofitis
536 2903 667 2976 inglorius
677 2903 757 2959 armis
