2017 3692
142 708 1538 854 ‚ARGUMENTUM

423 956 594 1026 IN
678 954 1375 1026 AENEIDA.

229 1163 364 1172 ...-
847 1113 1581 1187 Ἡμηω*

371 1264 737 1337 LIBER
800 1262 1431 1335 SEPTIMUS.

160 1376 329 1506 AE
341 1448 396 1497 N
404 1449 555 1500 EAS
596 1455 625 1498 e
669 1432 958 1500 Cumano
995 1428 1201 1497 littore
1243 1429 1337 1496 ad
1366 1428 1646 1498 occiden-

157 1550 276 1595 tem
310 1530 639 1620 proveilus
662 1581 684 1618 ,
720 1527 1046 1597 tumulate?
1082 1528 1154 1593 in
1197 1527 1649 1593 Auruncorum

158 1628 372 1695 littore
424 1626 649 1695 Caieta*
694 1628 934 1694 nutrice
963 1624 1103 1715 sua*
1135 1675 1162 1709 ,
1204 1620 1648 1719 praetergreffus

161 1747 439 1792 montem
495 1725 789 1792 Circaeum
818 1774 840 1811 ,
890 1724 1091 1790 Circes
1132 1719 1525 1788 habitatione
1579 1718 1646 1789 δ’

161 1822 477 1911 veneficiis
527 1819 827 1910 infamem
852 1869 874 1902 ,
910 1820 1000 1888 acl
1038 1818 1195 1916 ostia
1236 1818 1491 1906 Tyberis
1532 1844 1648 1906 ap·

150 1921 432 2009 pellitur.
475 1918 656 1986 Tunc
689 1918 964 1985 Latinus
1003 1918 1140 1984 illic
1180 1916 1654 2010 Aboriginibus

163 2017 537 2105 imperabat.
570 2015 745 2082 Huic
770 2016 960 2083 unica
987 2034 1116 2082 erat
1128 2012 1283 2103 filia
1319 2013 1600 2081 Lavinia
1620 2060 1647 2094 ,

162 2115 380 2181 fauni
422 2113 694 2181 oraculis
739 2111 1050 2209 destinata
1094 2132 1350 2179 externo
1376 2115 1603 2176 marito
1619 2161 1645 2195 ,

164 2212 424 2279 Amatae
467 2231 680 2277 tamen
713 2211 932 2276 matris
973 2212 1306 2277 voluntate
1337 2204 1651 2302 promiffa

140 2306 388 2397 ‚Turno
459 2309 846 2374 Rutulorum
907 2306 1059 2398 regi.
1124 2303 1338 2370 Mittit
1395 2305 1652 2371 AEneas

168 2406 469 2474 Oratores
519 2404 900 2471 Laurentum
944 2452 966 2486 ‚
1040 2404 1110 2467 in
1159 2400 1369 2466 urbem
1427 2400 1653 2468 Latini

164 2504 423 2595 regiam.
468 2501 746 2568 Latinus
786 2500 1066 2566 AEneam
1108 2548 1128 2584 ,
1178 2521 1310 2563 non
1358 2496 1541 2563 modo
1580 2499 1653 2565 in

143 2600 397 2690 socium
432 2651 457 2684 ,
502 2597 627 2688 sed
679 2598 920 2664 oraculi
960 2604 1198 2662 *memor
1236 2646 1258 2680 ,
1326 2595 1515 2661 etiam
1579 2596 1653 2662 in

159 2721 449 2790 generum
477 2695 782 2762 admittit.
806 2693 1068 2762 Interim
1103 2691 1279 2761 ,Iuno
1306 2739 1328 2773 ‚
1349 2690 1656 2780 prosperis

168 2793 598 2884 Trojanorum
637 2793 812 2860 rebus
851 2786 1089 2886 offensa
1113 2839 1137 2873 ,
1181 2807 1394 2855 evocat
1428 2786 1654 2857 AleHo

161 2916 246 2960 ex
268 2888 515 2979 inferis.
547 2886 762 2957 Aleilo
775 2881 1061 2979 primum
1093 2886 1404 2954 Amatam
1437 2885 1659 2955 Latini

287 3009 460 3063 Tamus
498 3006 533 3058 I
540 3005 588 3062 I.
1390 3000 1441 3053 A
