2017 3692
185 187 264 266 160
375 158 716 262 AE'ur-:Juos
775 232 780 235 -

178 342 309 415 suscitat,
325 342 351 394 δι
362 341 472 396 stimulis
483 343 554 396 haud
565 341 690 395 mollibus
701 337 789 407 injicit
803 336 872 392 irat.

178 439 248 508 Ergo
262 441 331 492 inter
342 442 424 493 caedes
436 441 607 509 cedentiaque
618 438 724 521 agmina
734 437 863 488 Tarchon

122 548 139 597 7
144 537 275 600 30Fertur
283 554 354 613 equo
367 577 375 602 ‚
389 539 523 615 variisque
535 515 639 608 instigat
650 515 849 596 votdus'alam

178 634 296 687 Nomine
303 652 435 704 quemque
441 626 552 696 vocans}
559 634 697 703 reficitque
704 633 734 684 in
739 632 837 701 proelia
843 629 943 700 pulsos:

178 731 249 797 Quis
258 747 360 796 metus,
370 733 388 784 ὀ
398 748 541 801 numquam
552 715 678 794 deliniri,
688 731 706 783 d
716 728 925 797 semperinertes

178 827 330 897 Tyrrheni,
341 814 400 898 qua
411 844 483 881 tanta
493 828 590 881 animis
600 829 707 899 ignavia
717 827 794 879 venit
804 828 816 879 ἓ

179 925 288 978 Femina
299 929 418 995 palantes
429 927 484 997 agit
496 967 504 991 ‚
517 942 595 996 atque
606 928 662 979 haec
673 925 780 996 agmina
790 923 877 978 vertit
888 929 896 978 l

124 1032 175 1088 735
185 1020 353 1101 Quoferrum
359 1027 370 1076 ἓ
377 1024 476 1092 quidve
482 1025 538 1077 haec
545 1024 659 1094 gerimus
666 1026 718 1076 tela
725 1021 799 1074 irrita
806 1021 926 1075 dextris?

179 1121 217 1171 At
227 1136 283 1171 non
294 1120 324 1171 in
334 1121 472 1174 Venerem·
478 1122 570 1192 segnes
580 1121 761 1190 nodiutnaque
772 1121 857 1184 bella,

180 1217 235 1267 Aut
244 1217 289 1268 ubi
298 1234 379 1270 curva
388 1220 485 1273 choros
498 1221 596 1273 indixit
606 1221 670 1274 tibia
681 1218 777 1273 Bacchi
789 1258 798 1282 ,

181 1313 337 1395 Exspectare
346 1318 425 1385 dapes
436 1319 558 1386 &plenae
569 1321 665 1386 pocula
673 1318 780 1372 mensae,

182 1411 235 1464 Hic
241 1414 384 1477 amor,hoc
389 1413 511 1475 studiumt
518 1415 580 1467 dum
586 1416 656 1468 sacra
662 1415 789 1467 secundus
795 1414 928 1483 hamspex

128 1523 182 1574 740
188 1508 300 1563 Nuntiet
310 1550 318 1575 ‚
335 1528 365 1564 ac
375 1513 451 1564 lucos
462 1526 544 1564 vocet
555 1510 639 1564 hostia
650 1511 757 1582 pinguis
769 1511 798 1563 in
810 1514 891 1569 altos.
908 1488 914 1495 ⁵

220 1608 286 1661 liaec
293 1606 389 1689 effatus
399 1647 405 1672 ‚
416 1624 514 1677 equum
524 1608 553 1662 in
564 1609 666 1662 medios
676 1609 823 1663 moriturus
835 1611 862 1662 δι
873 1611 928 1680 ipse

184 1705 328 1787 concitat,
344 1706 371 1759 δι
382 1706 491 1760 Venulo
502 1706 640 1759 adversum
651 1706 677 1758 se
689 1706 807 1759 turbidus
818 1707 918 1768 inferv,
998 1722 999 1761 1

183 1801 801 1872 Deteptumqueabequodextrdcomplediitur
809 1804 930 1883 hostem,
998 1834 999 1887 ζ

183 1900 217 1952 Et
228 1900 358 1970 gremium
370 1914 430 1952 ante
439 1898 515 1951 saum
524 1897 607 1951 multi
615 1898 646 1951 vi
656 1900 776 1952 concitus
788 1902 886 1957 aufert.

128 2013 179 2066 745
188 1998 305 2050 Tollitur
315 1997 344 2049 in
353 1998 452 2049 coelum
465 1998 584 2060 clamor,
598 1995 738 2065 cundiique
747 1997 838 2050 Latini

185 2093 351 2147 Convertere
363 2094 555 2177 oculoszvolat
566 2091 659 2164 igneus
672 2111 779 2164 aequore
788 2094 930 2180 Tarchoq,
998 2094 999 2161 ξ

182 2192 264 2243 Arma
275 2190 417 2259 virumque
427 2190 515 2244 ferens
525 2209 533 2243 :
543 2206 600 2243 tum
611 2189 712 2244 summa
724 2191 804 2260 ipsius
817 2195 849 2246 ab
858 2192 929 2247 hasta
998 2178 999 2219 ³

148 2263 153 2275 .
182 2288 319 2360 Defringit
329 2289 448 2354 ferrum,
465 2288 589 2356 &partes
603 2287 712 2342 rimatur
723 2304 847 2358 apertas,

182 2385 244 2453 Qud
257 2369 355 2441 vulnui
367 2387 463 2441 lethale
473 2387 548 2440 ferat.
563 2385 662 2441 Contra
675 2387 720 2441 ille
729 2404 881 2458 repugnans

126 2482 300 2549 75oSustinet
311 2482 427 2554 ajugulo
439 2485 559 2538 dextram
573 2523 581 2548 ,
593 2485 620 2536 &
629 2484 687 2537 vim
698 2483 800 2539 viribus
812 2485 882 2541 exit.

182 2582 273 2650 thue
284 2581 380 2632 volans
391 2578 443 2634 alti
452 2594 557 2653 raptum
569 2580 629 2635 clun
639 2581 713 2634 fulva
722 2582 865 2635 draconem

181 2675 936 2748 Fertaquila‚irnplicuitquepedes‚atqueunguibushaelitl
998 2688 999 2749 J

182 2773 289 2826 Saucius
302 2787 329 2825 at
340 2772 447 2841 serpens
456 2772 560 2826 finuosa
570 2773 709 2826 volumina
720 2776 824 2843 versat,

181 2870 346 2941 Atredlisque
357 2870 449 2925 horret
457 2869 573 2940 squamis
585 2910 593 2937 2
605 2871 632 2924 δι
641 2870 724 2926 libilat
736 2888 802 2938 ore,
883 2935 886 2941 1
