2017 3692
181 233 262 291 210
389 205 722 292 V1R01111

175 363 298 420 Attalicis
310 366 406 435 opibus
417 369 477 420 data
488 368 588 419 vellera
598 384 607 428 ·‚
622 365 642 418 li
654 366 727 418 nitor
738 362 796 418 auri
1001 427 1002 448 Χ

177 463 231 515 Sub
241 465 365 532 laqueare
374 463 469 516 domis
479 462 599 516 animum
608 480 665 519 non
675 463 760 533 tangit
769 478 899 532 avarum,
1001 451 1002 522 J

178 558 342 629 Pitiuraeque
353 562 432 614 decus
445 599 452 624 ‚
467 560 584 629 lapidum
595 576 644 613 nec
652 562 741 631 fulgor
750 560 779 612 in
787 561 845 613 ulla

123 645 156 712 ⁶5
180 656 312 728 Cognitus
325 658 441 712 utilitate
452 672 559 712 manet:
572 675 621 712 nec
630 661 727 727 pocula
736 672 843 728 gratum

178 755 290 809 Alconis
302 758 436 821 referent,
452 757 585 828 Rubrique
596 772 719 811 toreuma
731 776 737 809 :
751 772 801 809 nec
811 756 873 809 Indi

180 854 304 908 Conchea
314 857 391 909 bacca
400 856 480 910 maris
492 855 581 925 pretio
591 855 628 908 est
638 876 644 909 :
656 871 682 907 at
690 853 799 923 pestore
808 869 883 923 puro

179 951 255 1021 Saepe
266 952 344 1021 supet
354 968 448 1008 teneto
458 952 600 1022 prosternit
609 951 728 1022 gramine
739 967 838 1023 corpus
850 968 858 1003 t

180 1050 285 1103 Florida
295 1050 355 1104 culm
363 1051 442 1103 tellus
453 1089 461 1113 ‚
474 1050 632 1119 gemmantis
643 1048 714 1127 pisia
726 1064 774 1117 per
785 1048 882 1101 herbas
892 1086 903 1113 ‚
1001 1083 1002 1130 i

124 1151 161 1201 7Ο
180 1148 252 1200 Vere
264 1161 339 1200 notat
348 1146 418 1199 dulci
427 1144 547 1200 distinsba
556 1145 690 1202 coloribus
700 1160 781 1198 arva:

179 1245 267 1313 Atque
277 1243 354 1297 illum
365 1245 468 1297 calamo
480 1245 570 1297 letum
582 1241 716 1298 recinente
726 1239 855 1309 palustri,
956 1242 958 1245 ’
1001 1257 1002 1292 l

181 1340 299 1411 Otiaque
310 1339 412 1394 invidil
421 1343 580 1412 degentem,
593 1357 623 1393 ac
633 1340 722 1394 fraude
731 1336 836 1392 remoti
847 1375 856 1403 ,

180 1425 382 1508 Pollentemque
395 1436 442 1490 sibi
453 1436 535 1490 viridi
546 1453 608 1489 curn
618 1434 728 1504 palmite
738 1429 833 1488 lucens

181 1534 263 1587 Vitea
274 1534 418 1605 pampineo
430 1534 517 1586 subter
528 1550 606 1586 coma
616 1535 689 1586 velat
700 1531 810 1586 amistu.

126 1639 159 1690 75
182 1632 224 1686 llli
235 1632 297 1685 sunt
308 1647 387 1704 grate
396 1644 517 1684 rorantes
526 1630 592 1684 laste
603 1632 708 1698 capelle
719 1648 728 1689 ;

181 1730 215 1782 Et
226 1745 335 1793 nemus,
349 1729 376 1781 δι
385 1729 507 1781 foecunda
516 1727 606 1791 Pales,
617 1729 644 1781 bt
652 1726 766 1782 vallibus
776 1726 842 1782 imis
868 1745 874 1755 ·

183 1827 295 1895 Semper
305 1843 389 1895 opaea
397 1825 479 1879 novis
488 1826 623 1879 manantia
631 1824 751 1880 fontibus
763 1840 851 1880 antra.

184 1924 253 1991 Quis
265 1923 350 1994 magis
359 1938 454 1992 optato
464 1922 604 1993 queateffe
613 1923 804 1988 beatiorum,

185 2020 274 2087 Quim
286 2022 332 2090 qui
342 2035 431 2073 mente
442 2023 537 2089 procul
548 2020 613 2089 puri
625 2020 754 2090 sensuque
763 2021 906 2092 probando

130 2114 166 2165 80
185 2120 248 2171 Non
261 2118 352 2172 avidas
363 2116 476 2188 agnovit
488 2135 554 2187 opes
567 2121 579 2172 ἓ
593 2134 650 2171 non
661 2117 743 2193 tristia
751 2118 840 2183 bella,

184 2218 242 2271 Nec
253 2213 353 2270 funesta
363 2214 441 2267 timet
451 2214 547 2267 validae
558 2214 703 2268 certamina
712 2213 813 2269 clallis:

185 2316 268 2378 Non,
281 2311 374 2382 spoliis
386 2313 449 2365 dum
458 2311 545 2364 sanna
555 2312 645 2364 Desint
654 2312 815 2383 fulgentibus
827 2327 907 2368 ornet

185 2412 316 2479 Templa,
328 2414 374 2465 vel
382 2410 492 2465 evetius
503 2409 586 2464 finem
597 2410 757 2464 transcendit
766 2412 882 2467 habendi
893 2451 903 2478 ,

185 2509 334 2563 Adversum
346 2509 423 2562 saevis
435 2512 506 2563 ultro
516 2523 595 2579 caput
603 2509 721 2563 hostibus
733 2508 823 2565 offert.

132 2609 164 2673 85
187 2607 230 2661 llli
240 2608 307 2661 falce
319 2608 394 2661 Deus
404 2607 518 2674 colinu,
532 2625 589 2661 non
600 2622 656 2661 arte
667 2606 787 2677 politus:

187 2707 235 2758 Ille
247 2704 313 2757 colit
322 2706 398 2757 lucos
410 2722 417 2757 ι
431 2703 471 2758 illi
482 2703 628 2758 Panchaica
636 2705 730 2769 thura,

187 2803 309 2856 Floribus
320 2801 431 2872 agrestes
442 2801 530 2856 berbae
540 2800 705 2856 variantibus
718 2801 824 2857 adsunt.

188 2898 232 2951 llli
244 2899 326 2953 dulcis
339 2898 408 2960 adest
418 2897 545 2970 requies,
560 2899 588 2953 dt
596 2914 663 2968 puta
672 2900 821 2968 voluptas,
