2017 3692
201 250 280 326 1¹4
393 212 738 305 AENarnos

195 392 238 444 lre
247 391 322 461 prior
332 391 436 456 Pallas,
452 391 471 443 fi
483 389 534 460 qui
543 391 598 444 sors
607 390 716 458 adjuvet
725 391 817 443 ausum

198 488 309 543 Viribus
316 486 461 559 imparibus
471 507 480 551 3
490 506 668 560 magnumque
676 488 712 541 ita
719 491 750 541 ad
757 491 855 541 aetbera
865 488 948 542 fatur:

142 581 197 646 460
202 585 253 640 Per
258 587 340 656 patris
347 586 496 656 hospitium
504 626 513 651 ,
521 587 657 640 &mensas
670 602 734 657 quas
745 588 848 638 advena
858 584 949 649 adisti,

181 746 184 751 ¹
198 683 238 736 Te
247 700 359 752 precor,
372 684 480 749 Alcide,
493 684 590 753 coeptis
601 684 751 755 ingentibus
762 684 845 738 adsis:
950 706 953 711 ·

200 760 297 834 Ceruat
309 781 434 836 semineci
445 782 493 836 sibi
504 799 548 836 me
557 796 649 852 rapere
658 799 730 835 arma
740 798 847 835 cruenta
858 821 866 847 ‚

198 877 393 950 Videoremque
404 881 491 934 serant
501 880 646 935 morientia
655 879 756 935 lumina
765 880 860 934 Turni.

200 975 293 1028 Audiit
303 978 408 1031 Alcides
417 976 560 1045 juvenem,
576 993 754 1049 magnumque
765 977 810 1028 sub
821 975 879 1028 imo

145 1070 196 1137 465
208 1072 295 1126 Corde
302 1073 400 1141 premit
407 1073 537 1144 gemitum
546 1114 553 1139 ,
561 1074 742 1144 lacrymasque
749 1070 843 1127 effudit
849 1073 950 1127 inanes.

201 1169 271 1222 Tum
285 1167 391 1239 genitor
400 1185 491 1224 natum
503 1168 582 1224 diuis
591 1169 685 1224 affatur
695 1169 804 1224 amicis:
936 1240 940 1247 ἱ

202 1266 259 1318 Stat
270 1265 315 1318 sua
326 1266 423 1338 cuique
433 1268 489 1322 dies
501 1307 510 1332 ‚
526 1268 615 1322 breve
627 1268 654 1321 dt
669 1262 836 1345 irreparabile
846 1281 951 1338 tempus

203 1362 337 1417 Omnibus
347 1363 384 1417 est
392 1364 476 1426 νίκας
490 1365 536 1418 sed
547 1365 645 1419 samam
656 1366 800 1418 extendere
811 1364 888 1419 indiis
899 1405 908 1431 ,

203 1461 263 1514 Hoc
271 1460 381 1514 virtutis
394 1478 472 1530 opus.
483 1461 574 1527 Trojae
584 1461 630 1515 sub
640 1461 773 1515 moenibus
783 1461 845 1516 altis

147 1559 264 1632 470Tot
273 1559 328 1611 nati
337 1559 453 1613 cecidere
464 1559 555 1612 Deum
567 1580 573 1613 :
587 1559 652 1630 quin
665 1560 762 1613 occidit
771 1558 824 1612 uni

203 1658 359 1725 Sarpedon,
372 1672 432 1708 mea
441 1655 584 1726 progenies
595 1673 602 1708 t
613 1656 694 1709 etiam
704 1656 748 1709 sua
759 1657 882 1710 Turnum

183 1748 186 1757 ⁴
204 1756 267 1808 Fata
276 1767 396 1817 vocant,
413 1732 550 1822 metasque
560 1752 613 1805 dati
621 1752 748 1822 pervenit
757 1755 790 1806 ad
799 1754 862 1808 aevi.

205 1850 249 1906 Sic
261 1850 316 1916 ait,
329 1866 409 1921 atque
421 1855 516 1905 oculos
528 1852 688 1904 Rutulorum
698 1851 785 1918 rejicit
792 1851 877 1907 arvis.

241 1949 278 2000 At
288 1947 372 2000 Pallas
384 1948 488 2018 magnis
502 1947 603 2001 emittit
613 1947 716 2001 viribus
730 1947 846 2010 hastam,
885 2018 887 2022 μ

149 2059 200 2112 47ς
210 2044 369 2116 Vaginique
383 2044 448 2098 cavit
459 2045 608 2115 fulgentem
617 2045 714 2115 deripit
725 2046 825 2099 ensem.

205 2145 254 2198 Illa
265 2144 380 2205 volans,
396 2142 501 2195 humeri
510 2142 621 2213 surgunt
630 2142 681 2212 qui
690 2144 808 2214 tegmina
816 2143 937 2211 summa,

205 2240 302 2295 Incidit
314 2259 323 2301 3
339 2254 418 2309 atque
432 2239 507 2293 viam
519 2240 610 2309 clypei
620 2239 715 2292 molita
725 2257 775 2309 per
785 2257 866 2307 oras,

206 2339 326 2392 Tandem
336 2337 417 2391 etiam
429 2353 528 2407 magno
538 2335 644 2390 strinxit
656 2339 688 2389 de
700 2353 814 2406 corpote
823 2338 920 2394 Turni.

207 2436 260 2490 Hic
270 2436 376 2489 Turnus
387 2435 459 2488 ferro
470 2433 611 2503 prefixum
622 2434 704 2487 robur
715 2450 794 2489 acuto

98 2531 101 2537 '
151 2533 244 2615 480111
258 2532 373 2585 Pallanta
388 2532 433 2585 diu
447 2532 545 2586 librans
558 2531 640 2599 jacit,
652 2535 732 2602 atque
744 2533 877 2590 irafarur:

208 2629 303 2698 Aspice
311 2645 377 2682 nunt
386 2646 461 2700 mage
470 2629 502 2683 fit
512 2628 629 2685 nostrum
638 2631 801 2700 penetrabile
809 2635 905 2688 telum.

208 2728 324 2793 Dixerat
333 2747 340 2781 ι
350 2741 377 2780 at
385 2730 511 2798 clypeum
522 2769 529 2794 ,
539 2743 582 2781 tot
591 2728 653 2783 ferri
662 2744 753 2800 terga,
766 2743 808 2782 rot
817 2729 894 2794 aeris,

210 2825 280 2878 Cium
290 2824 367 2895 pellis
380 2825 461 2878 toties
473 2827 552 2879 obeat
562 2825 722 2879 circumdata
732 2825 819 2892 tauri,

209 2921 849 2995 vibranticuspisnediuntnnsverneratictu,
942 2910 944 2915 ’
