2017 3692
245 196 494 279 Lmen
541 169 666 280 XII.
731 197 808 307 189

64 347 169 428 Eripuit
178 358 272 409 Turno
284 377 291 410 :
304 373 354 424 nec
364 356 414 410 Dii
425 371 517 410 texere
530 359 701 426 Cupencum,

66 454 153 508 AEnea
164 453 380 518 veniente,sui:
393 454 465 508 dedit
475 454 556 508 obvia
565 454 635 507 ferto
817 461 872 519 540

67 552 180 605 Petiora
192 591 200 615 ‚
216 569 265 604 nec
276 551 375 606 misero
386 551 477 623 clypei
488 569 564 605 mora
573 551 675 621 profuit
686 542 759 607 aerei.

67 651 108 703 Te
120 666 230 719 quoque
239 650 384 704 Laurentes
393 650 518 703 viderunt
528 690 536 715 ‚
547 648 624 702 AEole
634 688 643 714 ,
654 647 742 717 campi

69 746 229 815 Oppetere,
246 748 272 799 δι
283 732 336 801 late
346 763 442 801 terram
454 746 619 801 consternere
629 762 716 817 tergo.

69 843 201 907 Occidis,
217 844 324 915 Argiva
334 861 414 914 quem
423 842 480 897 no'n
489 858 601 913 potuere
610 844 753 913 phalanges

70 943 214 1005 Sternere,
227 958 276 994 nec
285 941 383 994 Priami
392 958 536 1012 regnorum
545 941 653 993 eversor
662 940 789 994 Achilles.
823 950 871 1006 545

72 1038 125 1090 Hic
135 1036 184 1089 tibi
193 1036 290 1091 mortis
300 1051 374 1090 erant
385 1052 481 1099 metae3
494 1038 589 1091 domus
600 1039 652 1090 alta
661 1038 707 1091 sub
717 1039 780 1102 Ida,

73 1132 195 1205 Lymessi
204 1136 299 1187 domus
309 1136 379 1195 altat
390 1135 448 1187 solo
458 1135 588 1187 Laurente
598 1135 755 1205 sepulcrum.

73 1233 153 1285 Totae
163 1232 230 1283 adeo
241 1232 376 1285 conversae
388 1232 458 1285 acies
467 1232 612 1300 omnesque
623 1232 729 1297 Latini,

75 1328 181 1382 Omnes
192 1327 368 1383 Dardanidae:
383 1327 536 1381 Mnestheus
547 1367 555 1392 ,
567 1343 678 1397 acerque
689 1328 821 1396 Serestus,

75 1428 108 1478 Et
117 1423 253 1494 Meffapus
263 1426 361 1496 equum
371 1424 491 1478 domitor
501 1464 509 1488 ‚
521 1425 547 1477 ἃ
555 1424 633 1478 fortis
646 1424 759 1494 Mylas,
828 1439 879 1495 550

77 1522 280 1592 Tuscorumque
290 1524 407 1591 phalanx
419 1561 427 1587 ,
438 1521 608 1591 Evandrique
619 1520 726 1574 Arcadis
738 1524 785 1576 alae
796 1563 804 1588 ‚

77 1621 130 1674 Pto
143 1620 170 1672 se
183 1619 293 1689 quisque
303 1620 358 1674 viri
367 1620 468 1674 summi
478 1620 600 1673 nituntur
609 1638 692 1690 opum
701 1621 741 1676 vi.

78 1720 136 1772 Nec
148 1734 225 1769 mora
237 1756 245 1781 ‚
261 1734 309 1771 nec
319 1720 423 1789 requies
435 1739 441 1773 :
453 1719 529 1773 vasto
539 1720 682 1773 certamine
692 1720 813 1774 tendunt.

117 1816 168 1867 Hic
178 1801 295 1868 merrtem
303 1816 395 1870 AEneae
405 1816 522 1886 genitrix
531 1817 707 1885 pulcherrima
718 1816 806 1883 misit,

80 1915 135 1967 Iret
143 1925 175 1966 ut
186 1914 217 1965 ad
226 1917 317 1965 muros
328 1952 336 1976 ‚
346 1914 456 1983 urbique
466 1914 615 1967 adverteret
624 1931 719 1984 agmen
831 1926 880 1985 555

82 2010 168 2065 Ocitis
179 2050 187 2076 ‚
198 2011 225 2063 δι
237 2009 320 2062 subiti
332 2010 447 2063 narbaret
458 2012 532 2064 clade
543 2011 663 2065 Latinos.

67 2167 69 2170 ,
81 2111 130 2184 ille
140 2147 148 2173 ‚
164 2121 196 2160 ut
203 2106 334 2177 vestigans
344 2098 446 2160 diversa
455 2125 503 2176 per
512 2108 616 2178 agmina
625 2109 745 2161 Turnum
755 2149 764 2174 ‚

83 2207 143 2258 Huc
155 2217 235 2273 atque
245 2204 296 2255 huc
307 2202 377 2256 acies
389 2204 568 2264 circumtulit;
580 2203 672 2271 aspicit
680 2206 784 2274 urbem*

84 2306 237 2357 Immunem
249 2300 315 2353 tanti
324 2300 388 2354 belli
399 2339 407 2365 ‚
419 2315 497 2370 arque
508 2298 619 2368 impun‘e
629 2300 755 2369 quietam.

72 2385 227 2454 'Continuo
238 2414 333 2468 pugnae
343 2397 460 2450 accendit
472 2394 581 2461 majoris
591 2394 690 2466 imago.
836 2405 888 2473 560

85 2494 832 2566 Mnesthea,Sergestumquevocat,fortemqueSerestum

86 2595 238 2655 Duilorem
250 2596 434 2662 namulumque
443 2591 528 2661 capit,
541 2590 595 2662 quo
604 2607 692 2646 cetera
700 2594 833 2650 Teucrum

88 2691 235 2749 Concurrit
243 2690 316 2763 legio
326 2729 334 2755 ‚
346 2706 395 2743 nec
406 2689 477 2742 scuta
486 2703 532 2740 aut
541 2687 719 2757 spiculadenfi

87 2794 249 2861 Deponunt.
260 2788 339 2842 Celso
350 2788 452 2842 medius
461 2786 530 2839 stans
539 2804 633 2858 aggere
641 2787 727 2842 fatur:

88 2891 132 2942 Ne
146 2904 198 2959 qua
207 2886 276 2941 meis
285 2884 341 2941 esto
352 2883 429 2943 diuis
438 2899 532 2950 morat
543 2884 647 2957 Jupiter
655 2883 778 2945 hacstat:
837 2897 887 2967 565
