2017 3692
167 219 246 314 16⁴4
361 210 700 300 AErtnrnos

197 377 234 427 At
241 375 343 430 Triviae
353 378 439 432 custos
451 378 603 445 jamdudum
616 379 644 433 in
656 377 792 433 montibus
804 375 879 447 Opis

111 518 114 521 ,
161 474 223 527 Alta
233 474 442 542 sedetsummis‚
458 476 609 551 speelrtque
618 476 737 530 interrita
746 492 861 546 pugnas.

162 572 254 640 thue
265 575 359 641 procul
371 574 461 627 medio
469 572 598 639 juvenum
607 572 637 626 in
646 575 761 643 clamere
771 574 912 627 furentum

162 665 305 736 Prospexit
313 668 380 723 tristi
389 672 527 723 multatam
536 685 623 724 morte
634 669 772 723 Camillam
782 689 791 730 ·‚
896 717 897 720 ,

108 757 371 837 8⁴l01ngernuitque,
386 767 510 837 deditque
525 769 572 831 has
584 767 641 821 imo
652 767 761 837 peeiore
769 784 871 822 voces:

164 863 224 915 Heu
233 864 362 929 nimillm,
375 864 473 935 virgo,
489 865 602 935 nimiirm
614 866 717 919 crudele
726 864 798 917 luisti

164 962 348 1030 Supplicium,
363 962 481 1016 Teucros
493 961 722 1035 conata‘laceffere
733 964 816 1031 bello,

164 1059 221 1110 Nec
230 1058 281 1111 tibiv
290 1060 396 1113 deserte
406 1057 435 1125 in
444 1059 530 1122 dumis
540 1058 647 1114 coluiffe
657 1059 773 1113 Dianam

164 1155 288 1218 Profuit,
305 1170 350 1215 aut
358 1155 459 1210 nostras
467 1157 582 1209 humeto
591 1155 688 1227 gessiffe
699 1157 847 1225 pharetras.
873 1214 874 1217 ,

110 1248 160 1313 845
170 1255 234 1305 Non
244 1268 333 1306 tamen
342 1252 495 1307 indecorem
504 1269 550 1307 tua
559 1269 586 1307 te
595 1254 698 1325 Regina
706 1253 814 1324 reliquit

165 1350 685 1421 Extremajaminmottemequehocfine
692 1351 802 1405 nomine
807 1352 913 1406 lethum

166 1447 317 1520 Pergentes
327 1448 393 1512 erit,
403 1462 448 1501 aut
456 1449 553 1503 famam
562 1430 670 1518 patieris
679 1447 781 1503 inulta.

166 1547 235 1598 Nam
245 1546 405 1615 quicumque
414 1559 490 1598 tuum
499 1546 617 1602 violavit
625 1547 737 1600 vulnere
748 1563 868 1617 corpus,

167 1643 259 1695 Morte
270 1645 325 1703 luet
336 1642 440 1695 meriti.
453 1643 513 1696 Fuit
522 1641 615 1713 ingens
628 1657 720 1721 monte
730 1643 776 1696 sub
787 1645 844 1696 alto
886 1715 888 1717 ι

109 1737 166 1802 v850
174 1739 254 1809 Regis
266 1739 401 1793 Dercenni
410 1754 517 1792 terreno
527 1755 562 1792 ex
570 1756 664 1809 aggere
673 1738 775 1792 bustum

168 1837 280 1905 Antiqui
291 1835 450 1899 Laurentis,
466 1837 602 1906 opacique
614 1837 674 1889 ilice
684 1836 793 1890 renium.

169 1933 220 1993 Hic
231 1934 290 1986 Dea
299 1933 325 1985 se
335 1932 452 2001 primirm
463 1933 556 2002 rapido
565 1934 742 2003 pulcherrima
753 1934 813 1987 nisu

169 2029 241 2082 Sistit
253 2070 260 2094 ,
277 2031 304 2082 δι
315 2031 445 2083 Aruntem
454 2033 559 2083 tumulo
569 2031 715 2099 speculatur
726 2033 758 2084 ab
768 2034 834 2086 alto.

169 2129 208 2180 Ut
219 2129 288 2181 vidit
298 2129 444 2198 fulgentem
455 2129 537 2182 annis
547 2167 556 2192 ‚
567 2145 597 2183 ac
609 2146 678 2183 vana
689 2143 837 2183 tumentem
850 2148 858 2182 ε
880 2107 881 2110 ¹

114 2226 222 2292 855Cur
232 2266 239 2291 ‚
250 2226 352 2296 inquit,
366 2224 484 2279 diversus
498 2225 553 2279 abis
564 2228 576 2280 ἓ
586 2227 638 2279 huc
648 2225 731 2295 dirige
741 2224 876 2296 gteffum:

169 2325 242 2388 Huc,
252 2323 384 2393 periture,
393 2323 459 2377 veni
469 2342 478 2384 3
489 2323 577 2391 capias
587 2336 616 2375 ut
625 2323 704 2393 digna
715 2322 836 2377 Camillae

168 2421 289 2475 Praemia.
299 2421 377 2473 Tune
386 2420 466 2474 etiam
478 2420 538 2474 telis
550 2419 665 2472 moriere
676 2419 770 2474 Diana
781 2423 793 2474 ἓ

166 2520 264 2584 Dixit,
281 2519 406 2572 namara
416 2522 555 2572 volucrem
565 2517 683 2572 mrerffa
692 2501 813 2589 sagittam

167 2616 341 2688 Deptomplit
351 2615 472 2685 pharetra
483 2655 490 2679 ‚
503 2631 639 2685 cornuque
649 2614 750 2668 infensa
760 2615 895 2683 tetendit,

111 2715 164 2768 860
171 2718 203 2769 Et
214 2714 291 2768 duxit
301 2713 382 2785 longi
393 2752 401 2777 ,
414 2715 500 2766 donec
513 2728 621 2767 curvata
630 2713 735 2766 coirent

167 2817 239 2868 Inter
248 2814 274 2867 se
285 2811 386 2881 capita,
400 2812 426 2864 δι
437 2811 558 2864 manibus
569 2810 621 2877 jam
633 2824 753 2881 tangeret
762 2809 866 2880 arquis,

158 2910 339 2993 ¹Leviaciern
350 2907 413 2965 ferri
423 2946 432 2976 ‚
443 2906 537 2964 dextri
546 2904 830 2988 nervoque'papillam.

1002 492 1003 569 l

1001 676 1003 763 l
