2017 3692
216 234 300 307 240
430 203 764 288 Vrncrirr

154 364 207 417 445
216 356 956 430 Magnaquerormecatiruquidemeonmunisnumn

212 453 346 526 Ornnibus
355 456 451 523 injeua
460 459 539 512 tellus
548 457 689 511 tumulabit
698 456 786 511 areni.

212 552 295 607 Mene
304 552 374 607 inter
384 533 737 624 comites,ancillaruntque
746 569 889 618 catervas,
942 581 947 588 e

212 651 295 706 Mene
306 652 370 705 alias
382 652 452 705 inter
465 652 623 708 famulatum
633 670 744 707 munere
755 652 851 723 fungi,
945 657 952 666 ‘

213 748 344 820 Coniugis
356 763 435 820 atque
445 766 497 804 true
508 790 517 813 ,
529 767 703 822 quecumque
713 750 765 804 erit
775 749 821 803 illa
832 788 840 813 ,
850 749 934 802 beate
946 799 950 806 ,

156 853 210 907 450
218 847 282 899 Non
293 846 369 900 licuit
379 848 504 918 gravidos
516 848 600 917 penso
609 850 755 901 devolvere
765 846 861 901 fusos?

211 942 247 997 At
263 945 326 997 belli
340 945 432 998 saltent
447 945 580 1013 captivam
595 946 654 1015 lege
669 942 793 998 necaffes.

210 1040 270 1096 Jam
282 1040 350 1095 feffae
362 1043 467 1094 tandem
476 1041 581 1111 fugiunt
590 1042 622 1094 de
634 1056 748 1109 torpore
757 1040 831 1094 vires
842 1079 853 1106 ,

211 1138 245 1193 Et
259 1153 337 1207 caput
348 1137 448 1191 inflexa
462 1139 566 1191 lentum
576 1139 682 1191 cervice
693 1139 823 1192 recumbit
836 1155 845 1191 z

211 1235 364 1289 Marmorea
375 1235 492 1289 adduffis
503 1235 637 1288 labascunt
645 1236 750 1288 brachia
764 1233 858 1290 nodis.

155 1346 206 1399 455
217 1334 359 1405 AEquoreae
368 1333 452 1403 pestes
463 1369 471 1392 ,
484 1334 609 1386 immania
618 1350 732 1402 corpora
743 1332 822 1403 ponti
832 1370 842 1399 ‚

211 1433 338 1501 Undique
347 1434 513 1485 convaniunr
521 1415 531 1496 ¹.
545 1433 571 1485 ἃ
583 1433 678 1503 glauco
688 1432 716 1484 in
725 1433 830 1502 gurgite
840 1430 942 1484 cirrum

211 1529 330 1584 Verbere
343 1532 501 1595 caudarum,
518 1544 598 1599 atque
608 1530 663 1584 oris
676 1530 834 1582 minitantur
846 1529 930 1583 hiatu.

210 1627 271 1682 Jatn
281 1630 386 1681 tandem
395 1629 469 1682 casus
480 1629 636 1692 hominurn,
649 1627 701 1692 jam
712 1629 812 1697 respice
823 1667 832 1691 ,
844 1628 947 1684 Minos.

211 1725 252 1778 Sir
263 1726 324 1778 satis
334 1728 404 1789 hoc,
420 1743 523 1780 tantum
533 1728 617 1781 solam
628 1725 721 1780 vidiffe
731 1727 886 1781 malorum:

155 1822 335 1887 460Ve1fato
345 1826 425 1879 fuerit
436 1827 514 1880 nobis
525 1827 581 1879 haec
592 1826 678 1879 debita
689 1825 787 1895 pestis,

212 1919 265 1973 Vel
273 1922 338 1974 casu
350 1923 476 1992 incepto,
492 1925 586 1977 merita
597 1928 642 1976 vel
654 1924 767 1992 denique
779 1925 868 1993 eulpa.

212 2015 313 2071 Omnia
325 2037 386 2071 narn
398 2020 489 2089 potitis
502 2022 601 2091 ,quam
611 2036 636 2075 te
649 2020 756 2085 lesisse,
770 2023 884 2090 putabo.

210 2114 318 2188 Labitur
327 2116 428 2186 interea
437 2121 559 2171 revoluta
569 2121 601 2172 ab
610 2120 700 2172 litr‘ore
709 2118 812 2185 classis,

211 2214 310 2285 Magna
321 2214 462 2285 repentino
472 2216 606 2270 finuantur
615 2219 697 2271 lintea
709 2217 802 2281 Coto,

157 2317 207 2384 465
218 2311 342 2366 Flestirut
354 2314 382 2365 in
393 2313 474 2366 viridi
486 2331 575 2367 ternus
588 2315 658 2377 sale,
673 2315 795 2384 languida
805 2311 879 2368 fessa

212 2410 335 2481 Virginis
344 2411 373 2463 in
382 2412 458 2465 cursu
467 2412 582 2464 moritur
591 2414 757 2481 querimonia
769 2415 869 2483 longo.

143 2563 150 2582 ·.
211 2491 319 2562 Deserit
330 2509 445 2580 augustis
455 2511 584 2564 inclusum
593 2512 711 2563 faucibus
723 2512 861 2577 Isthmon,

185 2593 188 2597 Α
211 2605 362 2678 Cypselidae
373 2609 463 2678 magni
475 2608 600 2663 florentia
611 2627 691 2681 regna
704 2609 849 2663 Corinthi:

209 2703 331 2759 Praeterit
345 2706 466 2774 abruptas
476 2707 596 2761 Scironis
607 2707 730 2775 protinus
741 2705 830 2770 arcis,

158 2780 394 2878 5701nfestutnque
405 2802 459 2857 suis
470 2804 533 2857 dirae
543 2804 678 2864 testudinis
687 2803 745 2856 exit

212 2901 642 2973 Speleunr,multoqueeruentas
650 2899 867 2978 hospitemutet.
989 2977 990 3050 1

845 2998 956 3069 Jamque
