2017 3692
285 226 328 313 E
344 238 372 311 ι’
389 257 418 311 n
442 254 473 310 n
494 253 526 312 n
572 221 664 309 IX.
790 225 839 332 83

103 391 508 465 Heu'lterrdignotd‚canibus
519 385 786 461 datapraednLttinis
846 382 899 451 485
957 430 972 440 ,

102 490 287 562 Alitibusque,
303 491 373 558 iaces
387 495 394 546 !
407 505 494 545 necte
507 529 515 555 ,
529 503 575 543 tua
585 489 676 544 funera
686 527 694 553 ‚
705 502 791 543 mater

103 589 238 655 Produxi,
250 589 362 659 prellive
372 591 484 654 oculos,
499 603 544 642 aut
552 590 664 641 vulnera
674 586 749 650 lavi,

103 687 183 740 Veste
192 702 284 758 tegens
294 728 302 752 ,
314 688 363 742 tibi
374 705 453 757 quam
463 686 555 740 nodles
564 684 656 739 festina
666 684 773 753 diesque

102 783 251 853 Urgebam,
263 785 289 837 δε
298 784 350 837 teld
359 801 433 838 curm
443 783 544 838 solabar
557 782 648 836 aniles.
774 794 776 797 ’

103 877 903 950 Qudsequar?autquaenuncartus,avulsaquemembra,49⁰

102 978 135 1030 Et
146 978 224 1030 funus
233 981 349 1031 lacerum
358 981 436 1032 tellus
444 979 524 1032 habet
533 981 545 1032 ‚²
555 979 608 1030 hoc
619 975 686 1030 mihi
697 974 781 1040 dete,

102 1075 189 1139 Nate,
201 1076 301 1130 refers?
311 1076 364 1130 hoc
375 1077 432 1129 sum
445 1075 567 1146 tetrique
576 1075 695 1144 marique
707 1074 795 1129 secuta
807 1076 819 1129 ἓ

102 1170 189 1240 Figite
200 1188 259 1235 me,
273 1171 292 1223 fi
304 1189 356 1241 qua
367 1171 404 1225 est
412 1173 497 1241 pietas
507 1191 516 1234 ς
529 1172 609 1225 inme
622 1172 712 1225 omnia
721 1175 775 1225 tela

104 1263 256 1335 conjicite,
269 1267 387 1322 dRutuli
401 1274 407 1323 !
421 1286 464 1323 me
474 1269 588 1339 primam
598 1269 724 1324 absumite
735 1269 816 1326 ferro.

103 1366 159 1417 Aut
167 1378 197 1416 tu
209 1403 216 1429 ‚
231 1382 325 1436 magne
334 1365 410 1418 Pater
419 1365 537 1430 Divum,
547 1366 671 1419 miserere
681 1405 689 1430 ,
699 1380 800 1434 tuoque
845 1370 898 1424 495

101 1460 222 1515 Invisum
231 1462 283 1514 hoc
292 1463 400 1517 detrude
408 1477 487 1533 caput
495 1463 542 1516 sub
551 1477 646 1516 tartara
654 1465 726 1526 telo,

103 1558 219 1624 Quando
230 1559 306 1613 aliter
314 1575 420 1630 nequeo
431 1561 564 1615 crudelem
576 1562 730 1628 abrumpere
740 1558 836 1613 vitam.

141 1655 203 1708 Hoc
211 1653 276 1708 fletu
285 1655 400 1709 conculli
409 1656 510 1721 animi,
527 1655 686 1726 moestusque
695 1673 742 1724 per
753 1672 848 1709 omnes
926 1731 928 1734 ‚

102 1753 128 1805 It
140 1751 255 1821 gemitus
268 1771 275 1805 ε
288 1767 396 1823 torpent
406 1753 522 1808 infraue
531 1754 670 1831 ard-proelia
681 1751 763 1806 vires.

102 1845 181 1902 Illam
193 1849 378 1904 incendentem
389 1851 475 1906 ludius
485 1849 712 1914 ldaeustior,
853 1853 905 1907 500

55 1951 58 1956 '
102 1946 203 2000 Ilionei
214 1949 320 2002 monitu
331 1949 358 2002 δι
367 1949 481 2003 multum
490 1948 663 2019 lacrymantis
674 1947 741 2012 lili,

106 2042 264 2112 Corripiunt
277 2084 285 2110 ,
299 2044 420 2116 interque
431 2062 524 2099 manus
538 2046 583 2099 sub
595 2043 663 2099 tedia
674 2059 819 2112 reponunt.

143 2141 179 2193 At
189 2141 251 2193 tuba
262 2140 407 2195 terribilem
418 2141 536 2196 sonitum
548 2145 641 2211 procul
651 2158 702 2195 aere
714 2158 815 2195 canoro

103 2235 242 2306 increpuit
253 2256 261 2290 τ
273 2237 391 2307 sequitur
400 2239 501 2292 elamor
514 2242 685 2309 ‚coelumque
697 2240 822 2311 remugit.

104 2336 262 2388 Accelerant
274 2333 330 2388 ael
339 2335 438 2404 pariter
447 2336 576 2390 testudine
588 2335 702 2399 Volsci,
856 2344 905 2400 505

105 2432 142 2484 Et
151 2429 230 2485 follae
241 2432 353 2501 implere
365 2448 458 2501 parant
470 2472 478 2497 ‚
493 2449 524 2486 ac
534 2435 634 2486 vellere
645 2435 761 2486 vallum:
816 2434 821 2439 '

106 2529 240 2597 Quarum
250 2546 310 2599 pars
322 2531 439 2598 aditum,
455 2533 481 2585 δι
492 2531 568 2585 scalis
577 2531 715 2589 ascendere
725 2539 838 2598 muroej

106 2625 171 2694 Qud
180 2643 237 2680 rara
246 2625 283 2680 est
294 2627 364 2681 acies
374 2668 383 2693 ,
395 2627 588 2698 interlucetque
599 2645 700 2683 corona

105 2726 174 2777 Non
184 2722 240 2777 turn
251 2723 327 2793 spilla
337 2725 415 2779 viris.
427 2726 557 2779 Telorum
566 2724 700 2780 effundere
708 2725 802 2781 contri

108 2821 202 2874 Omne
214 2838 296 2892 genus
309 2822 405 2876 Teucri
417 2862 426 2887 ,
439 2840 468 2877 ac
478 2825 551 2877 duris
560 2828 696 2881 detrudere
708 2826 815 2894 contis,
861 2820 914 2888 560

108 2915 213 2975 Annei
222 2920 308 2992 longo
320 2930 412 2976 muros
425 2922 564 2980 defendere
573 2926 655 2980 bello.

675 3020 703 3072 D
723 3020 753 3088 vj
