2017 3692
276 210 521 297 LIBER
570 212 697 299 XII.
763 245 839 327 199

90 377 217 449 Jupiter,
230 379 257 432 dt
267 381 389 433 Turnum
399 381 426 433 δι
434 394 518 436 terras
526 379 614 434 invita
624 379 731 449 reliqui.

91 480 150 531 Nec
162 493 192 530 tu
205 494 250 531 me
260 477 331 531 aetii
344 479 427 531 solam
437 491 508 530 nunc
519 478 580 530 sede
591 477 698 530 videres
845 478 898 530 810

93 578 203 647 Digna,
222 577 331 648 indigna
342 575 398 645 pari
408 595 414 629 :
426 577 471 629 sed
481 575 598 629 flantmis
607 575 692 628 cintia
701 575 748 628 sub
757 575 841 644 ipsam
904 615 908 624 .

94 675 198 727 Starern
205 673 483 742 aciem‚rraheremque
490 672 600 728 inimica
605 672 869 741 iuproeliaTeuctos.

93 771 236 826 Iuturnam
247 770 345 824 misero
358 810 366 835 ,
377 772 464 824 fateor
475 808 484 834 ,
496 770 645 823 succurrere
659 770 734 823 fratri

94 868 169 923 Sunsr
180 908 187 932 ,
204 869 231 920 δε
245 885 297 937 pro
308 867 366 921 vita
376 866 477 933 majora
487 869 583 921 audere
592 869 722 937 probavi:

94 968 161 1020 Non
169 980 200 1018 ut
209 967 262 1019 tela
271 979 377 1029 tamen,
390 977 446 1020 non
454 978 485 1018 ut
496 967 669 1021 contenderet
678 979 777 1021 arcum,
843 965 893 1031 815

94 1063 199 1131 Adiuro
208 1061 297 1133 stygii
307 1076 385 1133 caput
395 1061 560 1132 implendile
568 1063 667 1130 sontis,

94 1163 158 1216 Una
169 1160 319 1229 superstitio
327 1161 429 1231 superis
439 1178 498 1231 quae
507 1162 607 1215 redditu
615 1162 707 1219 Divis.

94 1260 129 1312 Et
137 1271 209 1311 nunc
220 1260 287 1312 cedo
298 1259 421 1329 equidem
432 1299 440 1324 ,
450 1259 602 1329 pugnasque
613 1261 695 1313 exosa
706 1259 839 1330 relinquo.

93 1357 164 1410 Illud
175 1371 202 1409 te
213 1396 221 1420 ,
232 1356 305 1411 nulli
316 1358 363 1412 sari
375 1360 448 1428 quod
458 1359 517 1429 lege
526 1370 649 1420 tenerur,

93 1453 148 1508 Pro
158 1455 383 1521 Latio'obtestor,
399 1473 450 1525 pto
460 1455 593 1521 majestate
601 1469 724 1507 tuorum:
844 1458 897 1510 820

95 1552 166 1606 Cum
178 1550 231 1619 jam
242 1553 383 1605 connubiis
396 1570 488 1621 pacem
498 1552 619 1605 felicibus
631 1552 642 1618 (
652 1550 707 1605 esto
720 1554 731 1621 )

78 1690 81 1695 .
96 1652 271 1717 component
282 1666 291 1709 ·‚
303 1649 365 1701 crim
373 1648 425 1715 jam
437 1652 511 1719 leges
521 1648 656 1702 &soedera
667 1648 778 1720 jungent
788 1667 796 1709 3

93 1749 136 1801 Ne
146 1760 226 1800 verus
235 1746 373 1817 indigenas
383 1763 484 1800 nornen
493 1760 595 1800 murare
604 1745 714 1800 Latinos
725 1784 733 1811 ‚

91 1848 155 1900 Neu
163 1846 250 1899 Troas
259 1843 319 1899 sieri
328 1845 417 1913 jubeas
428 1884 435 1910 ‚
446 1838 617 1916 Teucrosque
624 1844 733 1910 vocari,

92 1929 149 1997 A'nt
157 1957 256 1997 vocem
268 1927 371 1996 mutate
381 1942 477 2008 viros,
493 1958 539 1996 aut
549 1958 654 1998 verrere
662 1941 759 1998 vestes.
844 1948 895 2012 825

94 2040 136 2095 Sit
145 2041 270 2106 Larium,
286 2040 339 2093 srnt
348 2039 443 2093 Albani
454 2057 503 2110 per
512 2042 598 2094 secula
607 2055 702 2113 reges:
814 2058 821 2064 ²

94 2139 136 2193 Sit
147 2123 270 2192 Romana
281 2154 379 2208 potens
390 2138 456 2192 Irald
467 2139 568 2193 virrute
577 2155 699 2211 propago
709 2160 717 2195 ε

93 2235 223 2300 Occidit,
236 2237 416 2307 occideritque
426 2237 493 2290 snas
507 2253 568 2290 eum
579 2238 690 2291 nomine
701 2238 795 2307 noir.

131 2333 191 2387 Olli
203 2319 338 2388 subridens
349 2335 491 2389 hominum
502 2353 645 2406 rerumque
654 2350 775 2406 repertor
786 2357 794 2392 ε

92 2434 127 2485 Et
139 2437 263 2503 germana
273 2435 287 2489 J
290 2434 353 2488 ovis
364 2475 372 2499 ,
388 2436 548 2506 Saturnique
560 2437 642 2489 titera
651 2437 759 2504 proles,
846 2440 899 2504 830

91 2532 196 2586 irarum
208 2546 297 2586 tantos
308 2531 402 2587 volvis
412 2534 458 2586 suh
467 2534 577 2603 pefiiore
588 2532 684 2588 flustus
696 2537 703 2588 i

91 2629 197 2685 Verum
202 2647 268 2702 age,
279 2632 306 2684 ἃ
315 2630 465 2701 incoeptum
471 2632 563 2686 srustra
572 2631 698 2686 submitte
705 2632 824 2686 furorem
834 2651 842 2687 r

90 2732 140 2784 Do
152 2728 276 2799 quodvis
287 2748 296 2790 ¹,
309 2730 336 2782 δι
345 2747 389 2783 me
399 2727 539 2798 vitiusque
547 2731 696 2800 volensque
706 2729 827 2785 remitto.

91 2829 252 2881 Sermonem
264 2826 377 2880 Ausonii
386 2825 503 2896 patrium
516 2828 657 2898 moresque
666 2829 794 2881 tenebunt
804 2846 814 2891 ·,

89 2926 183 2996 thue
194 2923 249 2990 est,
261 2941 363 2978 nomen
372 2923 423 2977 erit
433 2942 441 2977 τ
452 2906 719 2994 comminticotpore
727 2939 806 2981 tanto
842 2933 893 3001 835

634 3025 647 3076 1
666 3023 695 3077 iv
