2017 3692
218 226 271 314 7²
380 209 755 293 ·AEnrnrnos

218 372 312 426 Cernis
325 412 333 438 ,
345 390 403 443 quae
414 374 529 427 Rutulos
536 373 630 426 habeat
639 371 734 426 fiducia
743 368 848 425 temnit

218 467 331 524 Lumina
341 486 398 523 rate
409 470 507 522 micant
518 489 524 521 ι
535 469 631 522 somno
639 468 760 538 vinoque
770 468 851 522 soluti

164 567 405 628 190Procubuer03
420 567 496 620 filtut
508 566 561 620 lat'e
570 569 638 619 loca.
649 564 758 633 Percipe
768 581 852 633 porro

103 642 105 651 Δ
217 661 292 730 Quid
301 663 466 726 dubitem&
476 679 534 731 quae
544 678 615 714 nunc
624 660 715 715 animo
724 661 854 714 sententie
863 661 956 732 surgat.

163 790 165 797 ν
218 760 323 814 AEuean
331 760 409 814 acciri
418 776 527 823 omnes,
539 746 721 828 populusque,
733 759 889 827 patresque,
1007 736 1008 741 Ἰ

218 858 371 926 Exposcunt
383 895 390 919 ‚
405 855 530 925 mittique
541 855 618 909 viros
630 894 639 920 ,
655 856 701 925 qui
712 870 783 908 certa
794 869 939 924 reportent.

220 953 249 1006 Si
258 953 307 1007 tibi
318 971 376 1023 quae
387 953 469 1022 posco
478 952 639 1022 promittunt
649 953 660 1019 (
669 966 730 1004 narn
740 950 806 1003 mihi
815 951 877 1004 fasti
950 962 953 967 ’
1007 946 1008 953 ’

167 1060 215 1112 195
225 1052 303 1104 Fama
312 1050 352 1103 sat
360 1048 397 1101 est
406 1053 417 1118 )
427 1052 532 1102 tumulo
543 1049 639 1102 videor
650 1047 765 1117 reperire
776 1047 821 1100 sub
830 1046 879 1100 illo

221 1144 296 1199 Poffe
306 1147 380 1199 viani
388 1145 421 1198 ad
430 1161 521 1196 muros
534 1145 561 1196 δι
569 1142 671 1196 moenia
681 1142 823 1196 Pallantea.

258 1240 400 1311 Obstupuit
411 1256 509 1310 magno
520 1240 626 1292 laudum
638 1238 771 1307 perculsus
783 1254 874 1292 amore
1007 1294 1008 1329 1

221 1340 349 1410 Eury-alus
359 1358 368 1399 ·‚
377 1339 455 1391 simul
463 1336 505 1390 his
515 1337 650 1389 ardentem
658 1334 752 1388 affatur
761 1335 891 1389 amicum:
947 1370 949 1373 -
1007 1334 1008 1355 ¹

222 1437 304 1491 Mene
316 1436 398 1507 igitur
405 1433 507 1489 socium
516 1432 625 1486 summis
636 1430 776 1502 adjungere
785 1433 878 1497 rebus,

168 1547 220 1587 200
227 1534 305 1598 Nise,
314 1532 403 1603 fugis?
416 1533 503 1584 soium
513 1545 539 1583 te
550 1530 579 1582 in
591 1544 663 1582 tanta
674 1529 790 1598 periuria
802 1529 926 1584 mittam?

123 1670 126 1673 -
222 1632 286 1683 Non
297 1630 333 1683 ita
342 1644 385 1683 me
395 1628 499 1699 genitor
508 1626 584 1681 bellis
594 1625 706 1679 assuetus
717 1626 846 1694 Opheltes

222 1727 376 1796 Argolicum
386 1742 515 1779 terrorem
526 1725 612 1788 inter,
628 1724 768 1793 Trojaeque
779 1725 883 1777 labotes

223 1827 358 1878 Sublatum
370 1822 484 1883 erudiit·,
499 1839 549 1875 nec
559 1837 647 1875 tecum
659 1821 722 1874 talia
731 1821 807 1891 geffi,

224 1921 423 1991 Magnanimum
432 1919 534 1972 AEnean
544 1919 570 1970 δι
581 1919 632 1972 fata
641 1933 759 1970 extrema
771 1918 885 1971 secutus.

168 2031 216 2082 205
228 2017 269 2070 Est
279 2019 341 2081 hic,
356 2016 393 2071 est
403 2016 506 2068 animus
516 2015 582 2068 lucis
595 2028 765 2084 contemptor
777 2054 785 2078 ,
802 2015 828 2066 dt
840 2013 919 2065 istum

224 2114 279 2182 Qui
289 2114 347 2168 viti
356 2116 422 2167 bene
431 2115 518 2167 credat
526 2112 598 2176 emi,
614 2111 669 2183 qui>
683 2111 768 2165 tendis
781 2151 789 2174 ‚
800 2112 946 2163 honorem.

259 2211 338 2264 Nisus
348 2213 380 2263 ad
389 2211 462 2262 haec:
473 2209 601 2277 Equidem
610 2211 642 2261 de
652 2220 679 2261 ne
690 2207 727 2260 nil
737 2209 788 2260 tale
797 2208 909 2260 verebar
919 2224 928 2265 3

223 2310 280 2362 Nec
290 2309 328 2363 fas
340 2326 349 2368 3
362 2323 435 2359 non:
449 2304 486 2358 ita
498 2322 541 2357 me
552 2307 647 2359 referat
658 2303 706 2357 tibi
716 2320 826 2373 magnus
836 2318 967 2356 ovantem
1004 2294 1008 2387 i

222 2404 326 2474 Jupiter
339 2442 347 2467 ,
362 2414 407 2454 aut
418 2401 576 2470 quicumque
587 2400 671 2452 oculis
680 2400 736 2452 haec
746 2398 839 2466 ‘aspicit
851 2398 947 2467 aequis.

168 2503 278 2557 neSed
288 2502 308 2555 st
320 2501 379 2570 quis
391 2499 402 2562 (
412 2516 470 2568 que
479 2500 562 2550 multa
570 2497 646 2550 vides
657 2495 807 2548 discrimine
817 2495 864 2547 tali
874 2499 885 2565 )

222 2597 320 2668 siquis
331 2597 359 2649 in
368 2592 505 2648 adversum
514 2593 598 2661 rapiat
607 2593 713 2645 casusve
724 2590 849 2655 Deusve,

162 2698 171 2735 ἵ
222 2697 262 2749 Te
272 2690 400 2763 superesse
409 2691 494 2744 veiim
508 2710 514 2743 :
529 2705 573 2743 tua
584 2689 642 2742 viti
654 2689 760 2758 dignior
770 2700 843 2740 aetns.

186 2816 192 2826 ·
214 2791 264 2845 θὶς
272 2790 318 2860 qni
327 2806 370 2842 me
379 2803 482 2856 raptum
492 2786 580 2856 pugni
591 2785 714 2859 pretiove
724 2787 892 2855 redemptum
1006 2772 1007 2775 ¹

223 2886 423 2944 Mnudetltuino
431 2883 526 2946 foiiti3
535 2897 594 2950 aut,
605 2883 685 2954 {iqua
694 2881 722 2938 id
730 2881 836 2937 fortuna
846 2878 968 2939 vetabit,

856 2974 970 3028 Absenti
