2017 3692
263 267 675 363 Lmer.
761 300 841 383 ¹39

90 434 229 490 Restarem
238 448 268 489 ut
277 436 393 506 genitor.
405 436 509 490 Troum
520 434 592 489 socia
603 452 675 489 arma
686 435 805 488 secutum

92 535 248 588 Obruerent
256 533 351 589 Rutuli
359 534 420 587 telis
431 535 565 588 :animam
577 534 633 603 ipse
644 531 788 592 dediffem3

92 633 358 702 Atquaehaecpompa
364 621 475 685 domum
481 648 534 696 me,
536 648 593 685 non
599 631 724 696 Pallanta,
724 631 845 686 referret

93 732 153 784 Nec
161 745 215 782 vos
224 729 376 800 arguerim
389 728 505 794 Teucri,
518 743 567 781 nee
578 727 694 793 ioedma,
703 745 752 781 nec
762 743 826 799 quas

94 808 240 883 lunximis
253 826 374 896 hospitio
386 828 510 879 dextras:
523 826 581 880 sors
594 824 641 879 ista
652 824 762 879 seneiiae
849 820 898 886 165

95 925 196 980 Debita
206 938 262 978 erat
274 922 377 977 nostre.
390 923 520 991 Quodsi
511 938 654 977 immatura
664 924 785 977 manebat

97 1024 177 1077 Mors
189 1036 281 1075 natum
291 1040 300 1082 3
312 1021 384 1074 caefis
396 1021 561 1074 Volscorum
572 1021 690 1075 millibus
702 1020 783 1086 anre,

98 1121 252 1174 Ducentem
262 1118 291 1172 in
300 1119 406 1172 Latium
414 1119 550 1184 Teucros,
562 1118 682 1174 cecidiffe
693 1117 805 1186 juvabit.

98 1217 175 1285 Quin
183 1233 236 1288 ego
249 1234 306 1270 non
316 1218 371 1271 alio
383 1217 633 1288 «ligamentum,
648 1218 737 1283 Palla,

99 1313 717 1387 QuimpiusAEneas‚&quimmagniPh1yges‚
725 1313 836 1385 &quim
850 1322 904 1374 ¹70

101 1410 289 1483 Tyrrhenique
300 1414 378 1467 duces
389 1452 397 1477 ‚
407 1412 579 1485 Tyrrhenim
587 1412 720 1466 exereinrs
730 1411 828 1466 omnis.

101 1508 203 1579 Magna
211 1524 313 1579 tropea
323 1511 413 1565 ferunt
424 1550 431 1576 ‚
443 1528 513 1581 quos
523 1512 567 1564 dat
575 1523 620 1565 tua
628 1510 737 1564 dextera
745 1511 831 1565 letho.

99 1606 144 1659 Tu
154 1623 263 1677 quoque
274 1625 345 1663 nune
354 1608 435 1662 stares
446 1608 572 1662 immanis
583 1622 693 1662 nunnus
705 1606 734 1661 in
746 1605 827 1661 armis
839 1644 847 1671 ‚

100 1702 230 1773 Effetpar
242 1718 304 1758 atas
315 1706 342 1758 ἃ
351 1704 422 1758 idem
431 1704 452 1758 fi
461 1707 543 1758 robur
553 1705 584 1758 ab
596 1703 688 1770 annis,

100 1802 202 1855 Turne.
212 1802 265 1855 Sed
272 1798 369 1855 infelix
377 1801 496 1855 Teucros
507 1801 572 1871 quid
580 1802 706 1856 demoror
714 1800 813 1856 armis?
832 1800 843 1813 ““
852 1808 902 1862 ¹75

101 1897 215 1962 Vadite,
226 1898 253 1951 ἃ
261 1898 318 1950 hee
329 1913 463 1957 memores
475 1897 544 1968 Regi
556 1899 677 1951 mandata
688 1899 802 1952 referte:

102 1992 185 2063 Quid
195 1994 282 2047 vitam
292 2009 386 2047 moror
395 1993 527 2060 invisam,
537 1993 654 2048 Pallante
663 2010 822 2066 perempto,

101 2094 221 2145 Dextera
232 2091 309 2145 causa
319 2103 365 2143 tua
373 2088 425 2154 est,
441 2090 561 2143 Turnum
571 2105 689 2161 natoque
700 2093 824 2164 patrique

14 2234 17 2239 ,
102 2190 192 2256 Quam
201 2176 295 2242 d'ebere
303 2186 380 2240 vides
391 2205 399 2240 t
411 2185 515 2240 meritis
525 2202 603 2241 vacat
612 2187 656 2241 hic
665 2188 714 2241 tibi
723 2190 795 2243 solus

100 2287 278 2356 rommaeque
289 2288 376 2339 locus.
390 2286 454 2339 Non
463 2284 530 2338 vita
541 2285 634 2356 gaudia
646 2302 754 2354 quaro,
855 2285 908 2338 180

101 2384 159 2437 Nec
170 2384 209 2437 fas
219 2402 229 2445 ·‚
240 2383 285 2437 sed
295 2397 360 2437 nato
371 2399 462 2437 manes
474 2383 591 2453 perferre
602 2381 739 2436 sabinos.

140 2481 244 2533 Aurora
253 2479 354 2535 interea
365 2479 469 2533 miseris
479 2477 636 2532 mortalibus
645 2479 742 2533 almam
783 2507 786 2512 ·
862 2494 865 2500 ’

102 2579 242 2632 Exnilerar
252 2579 340 2632 lucem
350 2617 358 2643 ,
370 2578 487 2631 referens
498 2593 580 2646 opera
592 2589 671 2647 atque
681 2578 796 2632 labores.

103 2677 118 2732 J
121 2693 164 2730 am
175 2690 251 2745 pater
261 2674 375 2739 Encas,
388 2674 442 2741 jam
451 2691 536 2728 curvo
548 2674 577 2726 in
588 2674 680 2729 littore
690 2676 815 2729 Tarchon

103 2770 273 2826 Constituere
283 2788 365 2841 pyras
377 2790 384 2824 τ
396 2770 448 2826 huc
457 2786 571 2840 corpora
580 2770 691 2842 quisque
702 2772 811 2827 suorum
855 2772 906 2842 τες

103 2870 185 2923 More
195 2871 279 2922 tulere
290 2883 414 2938 patrum,
425 2867 599 2938 subjectisque
609 2868 714 2940 ignibus
724 2870 789 2925 atris

106 2965 238 3023 Conditur
247 2965 277 3023 in
285 2966 406 3022 tenebras
415 2967 499 3044 altum
511 2964 624 3039 ealigine
633 2967 744 3022 coelum.
