2017 3692
160 203 681 291 SUPPLEMENTUM.
745 215 837 320 263„

74 362 180 431 Turne,
191 366 279 432 jaces:
292 383 319 421 at
328 385 385 422 non
393 368 442 423 tibi
454 369 505 423 erit
516 369 629 425 Lavinia
639 386 743 440 parvo:

75 464 133 516 Nec
143 464 236 536 dextra
245 479 335 519 tamen
343 465 433 520 AEneae
443 465 563 520 cecidisse
572 468 690 536 pudebit.
812 527 814 532 ,

74 561 883 633 Nunc,anli,hincauferteducemvestrumtarmavirumque

75 656 202 727 Largior,
212 674 290 729 atque
300 678 410 715 omnem
420 661 547 715 deflenda
558 662 654 715 mortis
663 662 807 715 honorem.

76 754 129 807 Sed
141 771 200 824 qua
209 755 334 811 Pallantis
343 758 446 810 fuerant
457 757 576 829 ingentia
586 757 668 811 baltei
711 781 714 786 ¹

76 851 216 918 Pondera,
228 854 404 907 transmittam
415 856 539 908 Evandro
551 894 559 920 ‚
575 870 606 907 ut
616 853 712 908 solatia
722 855 790 909 caeso

78 951 156 1004 Haud
166 951 238 1005 levia
246 953 320 1006 hoste
329 954 404 1018 serat,
411 954 558 1023 Turnoque
568 954 683 1006 exsultet
692 955 826 1023 adempto.

78 1050 140 1104 Vos
151 1066 285 1104 memores
295 1064 402 1115 tamen,
415 1050 543 1115 Ausonii,
554 1050 708 1105 melioribus
718 1049 758 1105 uti

76 1148 180 1201 Discite
191 1150 323 1202 bellorum
333 1147 473 1216 auspiciis:
486 1166 538 1219 ego
550 1150 631 1206 sidera
639 1149 714 1216 iuro,

77 1246 463 1315 Numquamacies‚numquam
470 1246 634 1299 armalibens
643 1247 871 1317 inproeliamovi:

78 1343 131 1396 Sed
141 1341 235 1396 vestris
247 1342 319 1395 astus
331 1342 407 1395 furiis
418 1342 557 1395 defendere
568 1356 629 1395 toto

81 1440 204 1510 Optavi,
218 1440 245 1492 δι
255 1440 331 1492 licuit
341 1479 350 1504 ,
359 1438 489 1502 Troianas
498 1440 597 1492 robore
608 1452 708 1509 partes.

116 1538 173 1589 Nec
184 1537 252 1589 satus
264 1537 339 1605 plura
350 1535 446 1588 AEneas
458 1554 465 1588 :
478 1534 505 1588 se
515 1537 591 1590 laetus
601 1538 634 1589 ad
644 1538 713 1589 altos

76 1635 208 1706 vertebat
219 1651 311 1687 muros
323 1673 331 1699 ‚
344 1635 371 1686 δι
383 1634 466 1688 Troia
474 1634 543 1688 testa
554 1636 668 1704 petebat.

79 1733 142 1787 Una
153 1731 241 1802 ipsum
250 1733 415 1786 Teucrorum
428 1733 518 1787 omnis
528 1732 657 1787 conversa
666 1730 791 1797 iuventus

79 1831 221 1902 Exsultans
230 1830 367 1900 sequitur,
378 1830 554 1899 volucresque
564 1846 612 1899 pet
621 1846 684 1882 arva
692 1830 790 1899 pedum
799 1829 829 1881 ui

81 1928 272 1997 Quadrupedes
284 1926 362 1992 citat,
373 1926 494 1980 incusans
505 1925 559 1979 acri
571 1944 618 1980 ore
629 1927 756 1990 Latinos,

79 2024 249 2097 Ignavosque
260 2040 361 2078 vocans
371 2043 379 2077 t
389 2023 481 2104 strepit
489 2026 558 2078 altus
567 2024 697 2095 plausibus
708 2026 798 2080 aethet.

79 2124 114 2176 Et
125 2120 249 2192 quamvis
261 2121 398 2174 inhumata
407 2122 480 2191 rogis
489 2124 551 2176 dare
560 2140 675 2192 corpora
682 2123 770 2195 surgat

79 2221 179 2290 Ingens
188 2235 251 2271 cura
259 2220 365 2283 animo,
377 2217 517 2287 sociosque
527 2219 667 2290 imponere
677 2218 791 2273 flammis
802 2259 810 2283 ,

80 2317 171 2384 Maius
183 2334 253 2386 opus
262 2332 352 2370 nmen
363 2316 461 2369 AEneas
472 2314 519 2367 sub
530 2314 638 2384 pestere
647 2317 763 2368 volvens
774 2353 782 2378 ,

80 2415 202 2470 Primum
213 2414 264 2468 atis
274 2414 386 2467 meritos
397 2411 498 2482 superis
508 2412 646 2464 mandabat
654 2413 782 2467 honores.

81 2516 154 2568 Tum
163 2513 276 2583 pingues
288 2513 376 2582 patrio
386 2510 505 2581 iugulant
514 2526 550 2563 ex
559 2525 635 2562 more
644 2507 774 2572 iuvencos
785 2548 793 2575 ‚

80 2612 287 2680 lrnntitntntque
298 2609 372 2674 sues,
385 2607 529 2678 niveasque
541 2607 571 2659 in
582 2609 681 2676 templa
691 2605 811 2660 bidentes
822 2644 830 2673 ,

46 2773 48 2778 ¹
77 2710 246 2779 vPurpuream
255 2707 341 2762 effuso
350 2707 484 2787 pulsantes
496 2705 622 2778 sangnine
634 2720 739 2759 tertam.

47 2789 51 2794 ι
79 2807 196 2863 Viscera
205 2806 334 2877 diripiunt
346 2825 353 2859 ε
368 2807 395 2859 &
403 2805 498 2859 caesurn
511 2805 540 2859 in
550 2802 628 2859 frusta
637 2803 785 2867 trucidant,

81 2909 280 2978 Denudaotque
285 2921 402 2977 gregem,
411 2902 733 2971 &flammis‚verubusque
740 2902 888 2959 remittunt.

655 3000 687 3053 M
706 2998 724 3068 ij
