2017 3692
274 226 530 313 Lim·
562 226 622 310 X.
744 256 817 334 ¹¹3

15 362 16 371 ἵ
72 381 190 459 Aginina
205 398 385 451 concurrunt,
398 382 558 457 ducibusque
570 387 598 440 dt
609 384 713 440 viribus
722 385 821 457 equis:

73 479 195 532 Extremi
208 482 351 535 addensant
361 482 450 544 adest
467 500 516 537 net
530 484 605 537 turba
616 483 722 539 moveri
741 515 744 521 ,
804 508 811 513 ·

73 576 140 629 Tela
150 578 296 649 maritasque
306 579 377 633 sinit.
388 579 458 635 Hinc
470 579 553 653 Pallas
566 578 643 634 instat
655 582 681 633 δι
690 597 766 653 urget
776 600 786 643 ·,

58 673 145 736 ‚Hinc
157 675 252 727 contra
263 676 362 731 Lausus
373 695 380 728 a
393 692 442 730 nec
454 676 569 739 murum
578 677 708 746 discrepat
716 692 797 733 atas:

73 772 181 843 Egregii
189 773 292 835 formi3
301 775 348 827 sed
357 775 433 844 queis
442 775 552 829 fortuna
560 774 668 846 negirat
822 788 876 842 435

73 870 103 922 In
114 871 229 942 patriani
239 871 347 927 reditus.
357 873 433 943 Ipsos
442 889 600 926 concurrere
611 871 698 942 paffus
806 896 811 899 ·

74 967 151 1021 Haud
162 983 253 1021 tamen
263 968 334 1022 inter
344 971 371 1023 se
383 971 473 1040 magni
485 985 611 1041 regnator
620 968 750 1041 Olympi:

73 1064 145 1117 Mox
153 1065 216 1118 illos
228 1065 274 1119 sua
284 1066 337 1119 sata
346 1081 455 1119 manent
466 1063 567 1131 majore
578 1066 624 1121 sub
635 1064 718 1118 hoste.

107 1163 212 1216 Interea
222 1163 298 1217 soror
309 1166 378 1217 alma
386 1179 481 1219 monet
492 1164 641 1221 succurrere
652 1163 738 1216 Lauso

71 1260 193 1314 Turnum
202 1300 211 1326 ,
221 1261 267 1331 qui
278 1263 385 1319 volucri
393 1279 472 1316 cturu
480 1261 599 1315 medium
609 1262 678 1315 secat
687 1276 792 1332 agmen.
820 1275 876 1324 440

71 1358 110 1410 Ut
119 1357 190 1410 vidit
199 1357 288 1411 socios
298 1378 305 1412 :
316 1359 435 1428 Tempus
447 1358 566 1413 desistere
575 1357 682 1428 pugni,
803 1400 807 1409 .
829 1334 839 1349 ⁶

70 1457 150 1509 Solus
160 1472 212 1526 ego
222 1456 251 1508 in
260 1455 377 1509 Pallanta
387 1457 475 1520 seror,
487 1454 539 1507 soii
548 1453 615 1508 milti
624 1454 709 1508 Pallas
802 1494 806 1515 2

70 1554 207 1607 Debetur:
220 1569 344 1622 cuperem
353 1553 409 1623 ipse
418 1569 514 1622 parens
524 1550 654 1621 spesiator
663 1549 767 1607 adesset.

70 1651 134 1703 Haec
143 1652 199 1710 ait·,
213 1651 239 1702 δι
249 1649 316 1703 socii
327 1649 456 1703 cefferuot
468 1665 576 1719 aequore
585 1647 664 1716 juffo.
757 1710 761 1716 Ι

69 1749 104 1800 At
112 1746 243 1801 nuruum
253 1746 367 1800 abscessu
374 1746 481 1813 juvenis
493 1762 551 1801 tum
559 1745 624 1815 juffa
636 1744 746 1815 superba
817 1760 869 1812 445
931 1735 936 1743 ⁴

69 1845 184 1899 Miratus
196 1884 205 1908 ,
218 1844 305 1914 stupet
315 1845 345 1897 in
356 1846 469 1906 Turno;
482 1845 630 1916 corpusque
639 1860 688 1912 per
697 1842 792 1914 ingens
805 1908 808 1913 st

68 1943 182 1997 Lumina
190 1942 300 2007 volvit,
313 1941 424 2012 obitque
434 1942 503 1996 truci
515 1943 610 2011 procul
618 1940 710 1997 omnia
718 1940 797 2000 visu3

58 2093 60 2096 ,
68 2041 176 2096 Talibus
187 2040 214 2093 δι
223 2038 299 2093 dietis
308 2039 331 2092 it
340 2055 433 2093 contra
442 2039 511 2094 dista
520 2038 645 2112 tyranni:

66 2142 119 2196 Aut
128 2138 223 2210 spoliis
233 2155 285 2211 ego
294 2136 348 2204 iarn
356 2138 439 2208 raptis
448 2140 573 2193 laudabor
582 2136 681 2209 opimis
692 2160 700 2203 ,·

66 2239 119 2291 Aut
127 2238 204 2291 letho
216 2235 312 2308 insigni
322 2257 329 2291 :
340 2237 406 2290 sorti
415 2251 490 2307 pater
501 2254 593 2307 aequus
602 2237 710 2306 utrique
720 2235 777 2291 est:
815 2245 871 2298 450

66 2336 145 2392 Tolle
157 2334 252 2389 minas.
263 2336 342 2388 Fatus
352 2335 470 2390 medium
479 2335 600 2405 procedit
609 2334 638 2386 in
647 2351 748 2403 aequor.

64 2432 185 2504 Frigidus
197 2431 340 2486 Arcadibus
351 2432 407 2488 coit
416 2433 446 2486 in
454 2431 599 2502 praecordia
608 2431 725 2503 sanguin

63 2529 180 2587 Desiluit
189 2530 295 2585 Turnus
303 2528 420 2599 bijugis,
434 2530 515 2598 pedes
527 2541 634 2599 apparat
646 2528 685 2583 ire

64 2626 197 2685 Coruinus
208 2647 215 2681 ε
225 2642 307 2698 utque
316 2630 361 2681 leo
371 2666 380 2692 ‚
392 2628 498 2696 specula
507 2627 567 2681 etim
576 2626 645 2681 vidit
654 2629 689 2685 ali
696 2628 748 2681 alta

63 2728 138 2780 Stare
147 2727 242 2795 procul
251 2725 351 2795 campis
363 2724 536 2784 meditantem
545 2725 574 2779 in
585 2725 681 2795 proelia
692 2730 844 2807 taurupttsi
853 2731 865 2782 5

62 2822 181 2876 Advolat
192 2841 200 2875 t
212 2821 282 2875 haud
292 2821 343 2875 alia
354 2820 391 2874 est
401 2821 488 2875 Turni
497 2821 633 2878 venientis
646 2823 747 2893 imago.

62 2921 143 2977 Hunc
153 2918 199 2978 ubi
207 2916 364 2995 contiguum
373 2917 455 2975 missa
463 2919 522 2974 fore
532 2919 641 2977 credidit
649 2915 748 2986 lusto,

882 2870 891 2905 i
