2017 3692
197 298 275 381 ¹50
387 270 727 354 AENnmos

190 431 264 485 Dant
275 434 392 490 sonitum
401 438 474 492 rauci
484 437 628 510 perstagna
637 435 761 509 loquacia
769 434 861 506 cycni·
900 466 904 474 ·

190 529 295 596 Immo,
308 532 363 598 ait,
376 532 394 587 ὂ
405 535 494 599 cives,
508 550 615 605 arrepto
625 550 748 604 tempore
759 572 767 598 ‚
779 532 907 594 Turnus,

136 624 191 686 460
199 625 295 697 Cogite
304 626 448 684 concilium
459 671 467 696 ‚
481 632 508 685 δι
519 648 611 702 pacem
621 633 725 685 laudate
735 631 854 683 sedentes
865 647 874 681 r

191 723 235 776 nli
245 726 325 779 armis
338 726 367 780 in
378 744 457 799 regna
466 743 553 783 ruant.
562 730 619 783 Nec
628 731 704 799 plura
712 729 819 781 locutus

193 823 331 892 Corripuit
340 825 411 890 sese,
425 825 451 878 δι
461 825 537 879 tediis
548 825 616 880 citus
625 825 722 879 exmlit
731 823 801 877 altis.

192 921 252 986 Tu,
265 923 368 976 Voluse
378 963 386 988 ‚
398 922 493 976 armari
502 924 665 977 Volscorum
678 922 751 976 edice
761 919 909 991 manipiis:

192 1019 267 1081 Duc,
277 1018 329 1081 air,
341 1019 490 1072 &Rutulos
501 1038 508 1073 r
519 1019 637 1089 equitem
648 1017 782 1089 Messapus
795 1018 826 1072 in
837 1016 918 1072 ermis
928 1054 938 1081 ,

136 1114 187 1179 465
197 1115 230 1166 Et
240 1132 301 1168 cum
312 1117 391 1169 fratre
403 1118 485 1170 Coras
495 1116 557 1171 latis
567 1117 705 1176 diffundite
716 1116 827 1186 eampis.

192 1211 253 1264 Pars
265 1211 350 1266 aditus
359 1215 432 1268 urbis
441 1212 567 1283 firment,
580 1216 716 1286 turresque
729 1212 876 1285 capessant:

193 1311 287 1364 Cetera
297 1350 305 1376 ‚
317 1310 369 1382 qud
378 1311 445 1381 juffo
456 1354 464 1381 ‚
477 1332 582 1370 mecum
592 1330 684 1370 manus
694 1313 790 1369 inferat
798 1327 882 1368 arma.
916 1307 918 1312 ’

228 1407 304 1462 Ilicet
314 1410 344 1463 in
355 1428 447 1467 muros
459 1411 519 1467 totd
528 1411 680 1467 discurritur
688 1412 762 1468 urbe.

193 1507 345 1586 Concisium
360 1508 415 1578 ipse
426 1522 502 1579 pater
512 1510 539 1564 dt
547 1526 642 1581 magne
653 1509 772 1581 incoepta
779 1509 891 1564 Latinus
1003 1512 1004 1521 ³

134 1603 323 1669 47oDeserit‚
337 1622 367 1659 ac
376 1604 442 1659 tristi
452 1607 569 1660 nrrbatus
582 1621 704 1676 tempore
716 1602 822 1662 differt:

192 1702 332 1772 Multaque
342 1703 368 1757 se
378 1702 497 1768 innisae,
511 1704 558 1774 qui
567 1719 624 1756 non
634 1704 766 1774 acceperit
774 1707 847 1758 ultro

192 1799 356 1852 Dardanium
366 1799 470 1853 AEneen
480 1840 488 1865 ‚
498 1817 678 1871 generumque
687 1801 827 1856 adsciverit
835 1801 907 1873 urbi.

192 1895 354 1949 Praefodiunt
363 1895 409 1949 alii
418 1911 511 1966 portas
521 1937 529 1961 ,
541 1910 586 1950 aut
595 1898 656 1951 saxa
668 1898 794 1969 sudesque

192 1993 353 2051 Subveuanr
363 1995 452 2049 :bello
464 1996 508 2049 det
521 1995 624 2066 signum
638 2012 718 2048 rauca
726 2010 866 2049 omentum

135 2107 187 2160 475
196 2092 319 2147 Buccina.
331 2093 402 2145 Tum
414 2109 505 2147 muros
515 2092 589 2147 varii
601 2092 709 2147 cinxere
721 2093 822 2148 corond

192 2191 325 2261 Matrona
335 2190 574 2261 pueriquervocat
583 2191 657 2244 labor
665 2191 776 2245 ultimus
786 2206 891 2245 omnes.
1002 2174 1003 2227 i

191 2290 249 2340 Nec
260 2304 317 2340 non
327 2288 360 2340 ad
369 2290 499 2358 ternplum
510 2287 676 2358 summasque
685 2289 716 2340 ad
726 2286 837 2341 Palladis
846 2304 921 2342 arceo

192 2386 354 2441 Subvehitur
362 2385 456 2457 magud
467 2398 582 2439 metrum
591 2385 693 2456 Regina
703 2382 829 2450 caterve,
914 2404 918 2409 ·
942 2378 946 2385 ’

193 2485 276 2537 Dona
286 2485 372 2537 ferens
385 2501 391 2535 ι
404 2479 533 2552 juxrique
545 2498 636 2536 comes
648 2481 758 2535 Lavinia
767 2481 868 2553 virgo,

137 2586 193 2646 480
201 2581 283 2636 Causa
294 2582 370 2633 rnalis
382 2578 462 2633 tantis
473 2620 481 2644 ‚
493 2581 588 2632 oculos
599 2577 697 2646 dejedia
706 2581 828 2635 decoros.

193 2679 342 2735 Succedunt
352 2693 467 2742 matres,
485 2678 513 2729 ἃ
525 2679 654 2746 templum
666 2677 742 2730 thure
753 2690 901 2746 vaporant,

161 2772 163 2779 ’
192 2779 227 2831 Et
238 2774 343 2830 moestas
352 2779 407 2828 alto
418 2774 532 2830 sundrmt
544 2776 575 2827 de
586 2773 679 2827 limine
690 2791 773 2829 voces
785 2793 792 2827 ε

193 2875 367 2943 Armipotens
378 2872 442 2925 belli
453 2872 548 2940 preses
559 2912 567 2936 ,
579 2870 702 2925 Tritonia
711 2870 790 2942 virgo
803 2910 812 2935 ‚

195 2974 295 3042 Frange
306 2986 385 3023 manu
395 2971 478 3024 telum
486 2968 598 3044 Phrygii
607 2969 739 3041 predonis
749 3009 756 3034 ‚
768 2968 888 3040 &ipsum
