2017 3692
226 144 474 230 Lraan
521 145 615 232 IX.
714 177 775 252 71
856 150 858 154 ’

12 316 16 347 't
54 313 94 367 Bis
105 313 199 383 septem
209 313 320 379 Rutuli,
336 330 428 367 muros
438 313 484 385 qui
496 312 582 366 milite
593 313 699 366 servent
711 348 720 374 ‚

54 411 148 466 Deletti
158 430 164 464 :
175 409 211 461 ast
223 410 286 462 illos
297 409 403 463 centeni
415 427 546 480 quemque
558 411 702 479 sequuntur

55 508 169 577 Purpurei
180 507 263 560 cristis
273 507 385 573 juvenes
396 524 514 577 auroque
527 506 638 560 corusci.

54 607 200 659 Discurrunt
212 644 220 669 ‚
232 605 389 674 variantque
402 605 475 658 vices
488 645 496 670 ‚
512 605 613 673 fusique
622 620 669 672 per
677 603 784 656 herbam

54 703 183 772 Indulgent
192 702 261 755 vino
271 742 279 767 ,
293 703 320 755 ὃ(
328 717 437 755 vertunt
446 718 558 755 crateras
568 702 677 753 ahenos.
789 696 840 763 165

54 801 185 850 Collucent
195 799 269 867 ignes
280 818 286 852 :
299 799 406 851 nostem
415 798 531 852 custodia
542 797 613 851 ducit

52 894 196 946 Insomnem
205 896 278 948 ludo.

52 992 115 1044 Haec
122 991 196 1059 super
205 1008 220 1043 e
229 993 302 1044 vallo
312 991 480 1061 prospeClant
491 991 577 1044 Troes
588 1030 596 1055 ‚
609 991 635 1042 δι
644 989 724 1042 armis

52 1088 109 1139 Alta
120 1101 228 1147 tenent·,
240 1104 356 1140 necnon
366 1089 463 1157 trepidi
474 1088 616 1141 formidine
625 1102 716 1155 portas

52 1185 213 1252 Explorant‚
229 1186 376 1253 pontesque
391 1185 417 1236 &
427 1186 624 1254 propugnacula
632 1182 761 1254 jungunt:
793 1195 845 1245 170

51 1282 116 1334 Tela
125 1294 226 1351 gerunt.
239 1279 336 1332 Instant
348 1279 501 1332 Mnestheus
517 1296 627 1349 acerque
638 1279 771 1342 Serestus,

52 1379 127 1445 Quos
138 1391 212 1445 pater
221 1375 319 1427 AEneas
332 1414 340 1439 ‚
354 1374 374 1426 fi
386 1356 491 1444 quando
502 1375 610 1427 adversa
620 1376 763 1438 vocarent,

51 1473 176 1527 Rediores
185 1471 314 1537 juvenum
324 1473 351 1525 ἃ
363 1488 451 1525 rerum
462 1472 534 1524 dedit
545 1469 595 1524 esse
608 1471 754 1542 magistros.

51 1571 148 1624 Omnis
160 1586 208 1639 per
218 1586 309 1622 muros
318 1570 391 1639 legio
401 1558 494 1621 sortita
502 1568 631 1637 periclum

50 1668 335 1735 Excubat‚exercetque
341 1665 498 1734 vices‚qu0d
505 1664 600 1733 cuique
606 1664 782 1733 tuendumest.
798 1679 845 1731 175
860 1646 862 1649 ¹

86 1763 168 1816 Nisus
178 1776 233 1815 erat
242 1777 326 1831 portae
338 1761 423 1815 custos
434 1801 442 1827 ,
452 1761 594 1815 acerrimus
604 1761 684 1815 armis
694 1801 702 1828 ,

50 1860 225 1930 Hyrtacides,
238 1857 364 1910 comitem
377 1855 465 1910 AEneae
476 1875 556 1927 quem
564 1859 669 1911 miserat
679 1861 724 1911 ida

48 1956 203 2019 Venatrix,
216 1952 302 2019 jaculo
314 1955 426 2006 celerem
437 1953 591 2025 levibusque
603 1955 703 2025 sagittis
715 1974 723 2007 :

48 2054 82 2105 Et
90 2051 168 2119 juxta
180 2067 271 2104 comes
283 2050 412 2119 Euryalus
425 2089 433 2114 ‚
446 2067 500 2118 quo
513 2052 648 2118 pulchrior
657 2052 722 2102 alter

48 2152 114 2202 Non
123 2147 176 2202 suit
186 2145 330 2199 AEneadum
341 2185 348 2208 ‚
359 2144 473 2210 Troiana
483 2163 568 2216 neque
580 2147 665 2199 induit
674 2165 760 2208 atma3
801 2149 853 2202 180

48 2245 108 2300 Ora
119 2261 188 2314 puer
197 2241 283 2312 primd
295 2241 397 2311 signans
410 2241 515 2295 intonsa
523 2238 643 2308 juventas.
665 2288 668 2293 .

46 2341 100 2394 His
111 2357 192 2392 amor
204 2357 273 2390 unus
285 2353 356 2402 erat,
367 2337 516 2407 pariterque
526 2340 555 2390 in
564 2341 631 2391 bella
642 2341 768 2394 ruebant:

46 2440 121 2492 Turn
135 2434 246 2506 qunque
257 2437 394 2488 communi
404 2451 509 2503 portam
518 2434 628 2489 statione
638 2438 770 2492 tenebant.

82 2533 172 2586 Nisus
182 2530 233 2584 ait:
241 2531 324 2611 Diinp
333 2531 403 2583 hunc
413 2533 532 2583 ardorem
542 2531 673 2585 mentibus
686 2536 797 2600 addunt,

45 2630 170 2700 Euryale
181 2629 192 2680 ?
205 2643 239 2678 an
248 2626 292 2678 sua
302 2626 396 2695 cuique
409 2627 483 2678 Deus
493 2624 525 2677 fit
535 2626 591 2680 dira
602 2629 719 2698 cupido?
803 2632 852 2700 185

45 2729 104 2780 Aut
111 2739 303 2796 pugnam,aut
310 2723 566 2792 aliquidiamdudum
572 2724 829 2799 invadetemagnum

45 2825 135 2880 Mens
146 2821 233 2895 agitat
241 2820 326 2889 milri.
342 2838 390 2878 nec
401 2821 502 2907 placidd
513 2836 638 2896 contenta
647 2823 790 2898 queteest.
