2017 3692
144 245 242 325 '224
361 222 706 322 Vznsstzn

157 382 222 434 Non
230 396 320 436 tamen
331 379 447 435 absistam
456 397 577 452 coeptum
588 383 712 437 detexere
725 398 842 438 munus:
895 381 899 390 “

105 493 141 532 ιο
156 479 189 532 In
199 495 254 549 quo
265 478 323 546 jure
335 496 408 533 meas
419 458 522 534 utinam
534 481 698 549 requiescete
710 482 817 546 musas,

159 576 193 630 Et
205 578 303 631 leviter
313 578 437 631 blandum
447 576 527 631 liceat
538 578 672 647 deponere
681 594 797 631 rnorem.

161 675 244 742 Quod
256 674 276 727 ti
288 673 430 728 mirificum
440 675 559 744 prolerre
571 676 663 727 valent
672 690 756 743 genus
765 688 864 727 omnes

160 770 310 826 Mirificunt
319 773 398 839 secli,
412 774 495 826 modo
506 771 540 824 fit
548 771 597 825 tibi
606 770 791 834 vellelibido‚

162 870 191 923 Si
200 886 244 923 tne
252 870 307 938 iam
315 871 418 924 summa
426 870 555 939 sapientia
563 882 690 939 pangeret
699 884 758 921 arce
769 905 777 931 ,

108 985 139 1040 ις
161 967 286 1036 Quantor
297 967 413 1037 antiquis
423 984 482 1036 quae
490 966 631 1022 heredibus
640 962 678 1018 est
686 965 745 1016 data
754 960 888 1042 consors,

163 1066 242 1118 Unde
251 1064 393 1118 hominum
404 1079 509 1117 errores
519 1061 602 1133 longe
612 1059 717 1130 lateque
728 1077 777 1130 per
789 1061 885 1113 orbem

163 1160 309 1231 Despicere
315 1169 410 1229 ,atque
416 1159 527 1213 humilii
533 1157 636 1229 poffem
642 1157 816 1213 contemnere
822 1174 914 1212 curas:

163 1259 229 1311 Non
238 1274 290 1330 ego
299 1271 326 1312 te
336 1260 416 1312 talem
425 1251 568 1312 venerarer
578 1273 688 1311 munere
697 1255 755 1309 tali.
800 1311 804 1330 ,

164 1357 230 1410 Non
237 1356 380 1426 equidemt
392 1356 516 1426 quamvis
526 1336 660 1411 interdttnt
670 1355 760 1409 ludere
770 1349 869 1419 nobis,

113 1477 149 1518 20
166 1454 199 1514 Et
208 1454 334 1528 gracilem
344 1455 421 1508 molli
432 1454 512 1508 liceat
523 1456 591 1523 pede
603 1455 724 1508 claudere
731 1453 861 1506 venitm:
875 1477 878 1482 ·
893 1487 898 1512 ‚

166 1552 219 1605 Sed
227 1568 326 1622 magno
335 1551 459 1605 intexens
468 1552 480 1621 (
489 1552 510 1604 fi
520 1552 558 1605 fas
569 1550 606 1605 est
614 1552 701 1604 dicere
711 1553 722 1618 )
734 1552 836 1619 peplo:

167 1648 263 1715 Qualis
273 1648 419 1701 Erichtheis
431 1648 498 1702 olim
509 1661 629 1716 portatur
638 1646 768 1712 Athenis,

167 1744 267 1798 Debita
278 1760 339 1798 cum
350 1744 424 1798 casta
435 1746 577 1799 solvuntur
588 1760 655 1798 vota
663 1745 818 1809 Minervae,

168 1840 290 1895 Tardave
301 1841 425 1896 coniedlo
438 1843 549 1896 redeunt
558 1840 738 1911 quinquennia
749 1840 833 1894 lustro
846 1881 855 1905 ‚

115 1970 131 2008 2
132 1968 147 2024 3
170 1938 239 1992 cnm
252 1939 322 1992 levis
333 1941 437 1992 alterno
449 1938 591 2009 Zephyrus
603 1936 756 1992 conttebuit
770 1939 844 1993 Euro
855 1978 865 2010 ,

169 2036 202 2088 Et
213 2053 302 2105 prono
313 2037 453 2107 gravidum
464 2037 594 2107 provexit
605 2040 722 2107 pondere
733 2038 853 2094 cursum·

170 2133 247 2188 Felix
258 2134 303 2189 ille
314 2134 389 2200 dies,
405 2133 472 2188 felix
488 2136 515 2190 δι
526 2135 623 2189 dicitur
631 2152 733 2188 annus:

170 2231 272 2286 Felices
281 2270 290 2299 ,
300 2231 353 2303 ,qui
362 2233 444 2287 talem
455 2249 555 2286 annunt
564 2232 656 2287 videre
668 2232 803 2301 diemque.
882 2249 884 2253 ·
905 2273 909 2274 γ

171 2330 242 2400 Ergo
254 2330 376 2385 Palladia
388 2345 515 2385 texuntur
526 2331 556 2385 in
566 2332 660 2384 ordine
671 2347 784 2401 pugna:

118 2461 153 2516 30
172 2427 271 2498 Magna
283 2427 424 2499 Giganteis
436 2443 565 2483 ornantur
576 2432 656 2498 pepla
666 2428 790 2499 tropaeis:
905 2447 911 2458 ὸ

173 2524 289 2577 Horrida
299 2524 445 2594 sanguineo
461 2526 607 2597 pinguntur
616 2525 713 2596 proelia
721 2541 816 2579 cocto.
909 2565 913 2570 »

131 2683 135 2690 g
172 2622 285 2676 Additur
298 2621 388 2675 aurati
400 2620 516 2688 dejestus
527 2622 633 2690 cuspide
644 2622 765 2693 Typhn,

165 2721 230 2788 ‘Qui
240 2719 313 2790 ptius
324 2718 420 2773 onais
431 2720 600 2774 consternens
613 2720 711 2773 ethera
722 2718 813 2784 saxis,

174 2818 312 2872 AErnathio
324 2818 422 2871 celsum
433 2817 581 2886 duplicabat
591 2816 693 2872 vertice
707 2814 873 2886 Olympum.

121 2952 151 3005 35
175 2917 241 2970 Tale
254 2917 322 2978 Dea
336 2917 430 2974 velun
444 2914 589 2982 solenniin
600 2927 863 2986 temporepottant:
