2017 3692
195 237 252 337 76
396 231 733 318 AEuszoos

195 396 321 465 Spondeo
333 395 412 466 digna
421 397 473 450 tuis
484 397 635 468 ingentibus
648 398 738 452 omnia
750 397 869 469 coeptis.‘

194 495 316 562 Namque
327 493 378 547 erit
388 493 434 548 ista
442 494 511 548 mihi
523 497 657 566 genitrix,
674 490 935 567 nomenque'Cteitsae

195 592 290 644 Solum
301 591 431 654 desuerit·,
446 610 495 646 nec
507 608 611 663 partum
622 594 706 663 gratia
714 597 794 647 talem

195 689 279 742 Parva
288 705 377 743 manet
387 730 395 755 ,
407 690 480 744 casus
489 691 587 744 sadum
597 693 757 761 quicumque
769 688 918 762 sequentur.

141 787 194 842 300
201 786 250 841 Per
263 802 341 857 caput
351 789 405 840 hoc
415 787 475 854 juro
486 829 494 853 ,
506 806 554 858 per
564 792 637 858 quod
645 804 720 858 pater
731 789 793 842 ante
802 790 917 842 solebat:

197 886 264 953 Quae
274 885 323 938 tibi
331 885 462 954 polliceor
471 885 561 939 reduci
572 926 578 949 ‚
592 886 719 955 rebusque
732 884 870 947 secundis,

196 983 261 1035 Haec
272 982 363 1035 eadem
373 980 502 1050 matrique
512 996 564 1034 tuae
575 1022 582 1045 ,
595 981 737 1052 generique
750 982 900 1033 manebunt.

233 1077 277 1130 Sic
289 1078 326 1130 ait
338 1078 508 1148 illacrymans
518 1096 525 1129 ι
535 1078 648 1129 humero
659 1077 735 1128 fimul
745 1077 833 1131 exsuit
841 1079 930 1131 ensem

195 1176 345 1239 Auratum,
361 1173 428 1227 miri
438 1191 518 1244 quem
528 1174 625 1228 fecerat
634 1189 690 1227 arte
700 1175 810 1245 Lycaon

142 1273 190 1327 305
202 1272 318 1326 Gnosius
327 1277 340 1339 ‚‘
347 1287 425 1344 atque
434 1273 549 1326 habilem
557 1271 656 1343 vagini
665 1271 767 1341 aptirat
776 1271 882 1325 eburni.

193 1372 250 1424 Dat
260 1370 327 1423 Niso
337 1368 489 1423 Mnestheus
501 1370 619 1437 pellem,
632 1369 817 1437 horrentisque
826 1368 914 1422 leonis

178 1467 324 1522 -Exsuvias
337 1486 344 1519 :
361 1469 462 1537 galeam
474 1464 542 1519 fidus
553 1480 684 1536 permutat
694 1467 814 1520 Alethes.
898 1447 900 1449 .

194 1566 319 1620 Protinus
329 1564 422 1617 armati
431 1565 556 1617 incedunt
568 1605 575 1629 ‚
588 1562 656 1634 quos
669 1563 757 1616 omnis
769 1578 863 1617 euntes

195 1663 346 1716 Primorum
353 1679 445 1715 manus
452 1664 590 1730 adportas,
597 1661 787 1729 juvenumque,
796 1661 941 1730 senumque

141 1763 193 1817 310
200 1758 369 1828 Prosequitur
377 1758 468 1819 votis,
478 1775 528 1811 nec
539 1775 596 1810 non
606 1759 632 1810 δι
644 1757 752 1828 pulcher
761 1759 848 1821 Iiilus,

195 1856 266 1908 Ante
275 1872 360 1908 annos
370 1854 541 1924 animumque
553 1870 662 1924 gerens,
673 1869 814 1924 curamque
822 1855 943 1919 virilem,

196 1929 283 2006 Multa
295 1953 363 2022 patri
371 1953 501 2021 portanda
513 1951 588 2002 dabat
597 1951 726 2002 mandata.
737 1950 789 2001 Sed
800 1967 870 2003 aurae

196 2050 298 2103 Omnia
310 2050 479 2119 discerpunt,
493 2049 520 2101 δι
530 2048 642 2101 nubibus
655 2047 728 2100 irrita
740 2049 851 2102 donant.

124 2128 126 2132 Α
232 2147 328 2219 Egressi
338 2147 459 2216 superant
468 2145 547 2200 foffas
557 2186 565 2212 ,
581 2145 718 2214 nouisque
728 2162 775 2214 per
783 2146 907 2198 umbram

141 2252 190 2307 315
202 2243 289 2298 Castra
300 2242 408 2296 inimica
420 2257 516 2311 penmt
527 2283 535 2307 ,
548 2242 639 2296 multis
650 2257 741 2294 tamen
750 2241 811 2294 ante
820 2241 908 2294 sutori

196 2343 297 2396 Exitio.
310 2339 402 2393 Paffim
412 2340 480 2393 vino
490 2340 640 2408 somnoque
649 2344 698 2408 per
707 2340 814 2392 herbam

196 2444 318 2508 Corpora
327 2439 382 2492 fusa
391 2438 502 2497 vident;
518 2435 633 2489 a'rredlos
643 2436 734 2488 littore
745 2452 853 2500 currus,

195 2540 268 2590 Inter
279 2538 337 2589 lora
347 2535 469 2603 rotasque
481 2532 557 2585 viros
568 2571 575 2594 ,
591 2531 667 2584 simul
679 2548 751 2584 arma
761 2531 848 2597 jacere
859 2571 867 2597 ,

195 2633 269 2686 Vina
279 2632 365 2684 simul?
377 2630 453 2682 Prior
463 2629 621 2699 Hyrtacides
633 2628 669 2681 fic
679 2645 725 2681 ore
735 2630 841 2680 locutus
853 2647 861 2680 ε

141 2729 491 2800 320Euryaleqaudendum
503 2726 595 2780 dextri
608 2745 615 2778 :
628 2743 698 2779 nunc
711 2725 766 2794 ipsa
777 2739 860 2778 vocat
869 2724 927 2778 res.

196 2829 254 2881 Hic
265 2826 317 2880 iter
325 2824 363 2879 est
373 2843 380 2878 ε
391 2839 422 2878 tu
432 2865 439 2888 ,
451 2841 484 2877 ne
496 2822 651 2894 quamahus
661 2824 688 2876 se
699 2823 822 2874 attollere
832 2820 917 2876 nobis

162 2943 169 2953 “
186 2927 220 2986 ¹A
232 2941 307 2997 tergo
320 2921 417 2995 pedit,
432 2920 551 2988 custodi,
564 2921 591 2976 δι
601 2917 812 2989 consuelonge
