2017 3692
126 214 670 298 SUPPLEMENTUM.
734 218 810 330 281

72 377 128 431 Effe
139 395 247 447 paterna
259 343 357 434 Jdvem
365 394 460 447 :utque
472 378 574 431 Elestra
585 377 718 431 Atlantide
728 389 815 455 cretus

71 474 135 526 Iasio
146 476 226 527 Idaeas
236 475 304 528 caeso
316 475 438 545 Plirygiae
452 474 510 527 iffet
519 475 551 526 ad
559 475 636 527 urbes
790 465 792 469 ὗ

70 571 207 624 Dardanus
218 611 225 634 ‚
245 588 280 625 ex
292 572 398 641 Coryto
407 574 490 625 multa
500 588 561 625 cum
573 586 651 641 gente
666 568 814 638 profeslus:

58 651 60 654 V
71 667 160 734 thue
166 666 414 737 insignemaquilam
419 669 550 745 d9n0‚&J
552 682 684 736 ovepatre
690 667 816 736 superbus

71 762 209 816 Hestoreae
219 764 305 834 gentis
315 765 432 835 lignum,
442 764 605 834 illustresque
614 763 712 817 tulisset
795 779 799 786 ⁴

72 859 174 913 Primus
186 861 267 914 avum
276 861 369 915 titulos
381 901 388 925 ,
399 861 523 928 Trojanae
535 861 622 929 stirpis
632 862 721 931 origo.

108 956 235 1021 Talibus,
251 971 329 1025 atque
341 956 400 1009 aliis
410 956 480 1009 inter
489 956 517 1009 se
527 959 609 1028 longa
621 957 756 1010 trahebant

72 1054 205 1122 Tempora
217 1074 224 1107 ε
236 1054 297 1106 clun
310 1054 450 1119 fremitus,
465 1058 586 1125 laetaeque
598 1072 646 1124 per
657 1054 724 1108 atria
735 1059 818 1134 voce!

72 1154 133 1204 Alta
140 1154 250 1215 volant,
260 1149 370 1218 strepitu
381 1150 484 1220 ingenti
492 1152 592 1205 teslum
602 1171 682 1206 omne
693 1155 819 1221 repleturs

72 1250 145 1300 Dant
155 1251 243 1301 lucem
254 1247 382 1313 flamma,
394 1249 485 1301 &lato
496 1249 636 1317 splendore
647 1252 794 1305 coruscant.

75 1344 243 1414 Consurgunt
249 1344 368 1415 Phryges
376 1384 384 1409 ‚
393 1345 419 1397 δι
426 1344 526 1414 cithari
532 1345 671 1399 resonante
678 1348 821 1416 sequuntur

73 1440 203 1505 Ausonii,
217 1442 368 1510 &plausum
377 1441 541 1512 ingeminant
550 1442 642 1512 :seque
649 1443 753 1514 agmine
760 1427 820 1496 tono

73 1538 248 1601 Permiscent‚
257 1538 415 1608 variantque
421 1540 517 1607 pedes,
530 1537 680 1608 raptimque
686 1540 816 1610 seruntur.

73 1637 106 1688 Et
116 1634 171 1701 jam
181 1634 244 1688 fessa
257 1653 358 1689 novem
369 1639 446 1707 largo
459 1636 592 1690 connubia
601 1639 668 1690 luxu

74 1732 225 1803 Attigerant
236 1734 365 1785 celebrata
377 1733 432 1786 dies
445 1752 452 1787 ι
465 1749 523 1789 tum
532 1732 666 1787 maximus
677 1734 765 1786 Heros

74 1830 173 1883 AEneas
184 1830 276 1881 urbem
288 1846 373 1881 curvo
383 1829 498 1899 signabat
510 1844 609 1883 aratro:

74 1927 259 1994 Fundabatque
272 1925 387 1989 domos,
404 1926 431 1977 δι
440 1924 548 1979 amistas
561 1942 655 1997 aggere
665 1926 753 1980 fossas.

24 2008 29 2016 ’
75 2024 143 2075 Ecce
155 2036 245 2075 autem
257 2021 312 2074 satu
324 2020 393 2075 haud
401 2020 681 2091 parvumzdiffundere
688 2023 821 2077 flammam

73 2121 233 2190 Ingentem,
246 2119 272 2171 δι
283 2120 386 2188 fulgore
398 2122 504 2182 levem,
523 2121 549 2171 δι
558 2119 585 2171 se
595 2120 705 2173 nubibus
715 2121 776 2174 altis

75 2217 238 2271 Miscentem
247 2216 352 2267 summo
361 2214 474 2267 Lavinia
482 2215 583 2267 vertice
592 2215 650 2268 visa
658 2216 704 2269 est.

76 2312 222 2381 Obstupuit
231 2326 305 2380 pater
313 2310 410 2363 AEneas
421 2347 429 2371 ‚
441 2309 610 2379 duplicesque
621 2313 733 2366 tetendit

74 2412 117 2463 Ad
129 2411 229 2462 coelum
240 2424 302 2461 eum
310 2423 380 2460 voce
391 2422 483 2460 manus
494 2425 501 2458 ι
514 2406 543 2460 si
554 2407 658 2476 Jupiter
668 2391 795 2479 umquann

77 2509 156 2562 Gens
166 2505 278 2561 monitis
290 2503 407 2571 Troiana
416 2503 469 2556 tuis
480 2518 601 2573 terraque
613 2545 620 2569 ‚
636 2506 755 2575 marique

37 2661 41 2666 ,
76 2605 169 2659 Paruit
180 2601 350 2671 imperiisque
359 2602 444 2654 libens
457 2621 464 2655 ε
477 2602 512 2666 fi,
524 2601 634 2655 numina
643 2640 651 2666 ‚
660 2602 758 2664 vestras

78 2701 204 2769 Simetui
213 2700 338 2768 coluique
350 2717 407 2752 aras
420 2738 428 2762 ‚
444 2717 491 2768 per
503 2699 523 2751 si
533 2697 596 2767 quid
604 2700 733 2769 agendum
744 2700 798 2766 est,
828 2749 831 2754 .

77 2801 164 2867 Quod
175 2796 265 2861 restat,
278 2797 406 2867 placidam
415 2795 487 2854 felici
496 2793 587 2848 afferte
599 2795 715 2864 quietem

79 2895 220 2968 Augutio,
234 2896 261 2950 δι
271 2894 374 2951 firmate
385 2934 393 2962 ,
405 2893 533 2966 malisque
543 2891 775 2966 imponitefinem.
