2017 3692
274 225 563 314 'Li-ann
615 226 732 314 VII.
825 258 853 334 7
956 244 958 247 ’

108 396 227 451 Centum
236 397 366 470 lanigeras
379 398 508 454 madiahat
518 398 569 452 rite
578 398 698 453 bidentes
708 418 716 451 a

106 495 196 564 Atque
206 497 300 550 harum
309 494 417 550 effultus
428 510 504 567 tergo
514 495 649 566 stratisque
657 494 758 561 jacebat

106 592 271 647 Velleribus.
282 595 373 648 Subita
385 610 420 648 ex
430 596 486 647 alto
495 610 555 647 vox
563 593 663 647 reddita
674 595 736 646 luco
745 591 782 647 est
792 610 800 647 :
873 597 905 649 95

106 691 220 759 Nepete
233 693 373 758 connubiis
385 706 474 746 natam
483 692 584 745 sociare
595 690 716 755 Latinis,

108 787 138 841 Ο
150 805 209 842 mea
217 790 378 860 progenies,
393 789 516 843 thalamis
526 805 579 842 neu
589 790 664 852 crede
673 788 782 857 paratis.

106 885 219 939 Externi
230 887 343 940 veniunt
354 887 463 958 generi,
479 886 526 957 qui
535 886 661 957 sanguine
672 885 791 939 nostrum

107 984 217 1036 Nomen
224 984 252 1036 in
262 983 326 1036 astra
334 984 434 1048 ferent,
444 983 851 1053 quorumqueabstirpenepotes

108 1079 211 1133 Omnia
221 1081 268 1134 sub
279 1081 407 1163 pedibus,
422 1080 530 1151 qudsol
540 1097 683 1151 utrumque
692 1096 828 1134 recurrens
856 1088 908 1126 10⁰
992 1130 1004 1147 a

107 1177 210 1246 Aspicit
220 1177 373 1243 Oceanum,
385 1177 509 1248 vertique
518 1179 627 1249 regique
635 1178 773 1231 videbunt.

81 1272 83 1280 '
108 1275 174 1327 Haec
182 1275 307 1344 responsa
317 1274 399 1343 patris
409 1274 491 1328 Fauni
502 1314 510 1338 ,
522 1274 691 1344 monitusque
702 1273 789 1328 filenti

107 1369 194 1423 Noiie
204 1371 280 1422 datos
290 1409 299 1434 ,
311 1386 369 1423 uon
376 1370 433 1438 ipse
444 1370 492 1422 suo
502 1370 602 1439 premit
611 1386 659 1424 ore
667 1371 796 1431 Latinus3

106 1468 160 1519 Sed
173 1465 272 1519 circum
286 1464 340 1518 lar'e
354 1466 473 1519 volitans
484 1464 538 1531 iam
553 1466 622 1518 fama
634 1483 682 1535 per
691 1468 769 1520 urbes

105 1561 435 1626 Ausonias.mlerat,cdm
444 1563 637 1615 Laomedontia
646 1565 729 1631 pubes
823 1596 828 1601 -
854 1577 903 1630 105

106 1657 255 1712 Gramineo
266 1659 331 1727 ripae
342 1657 466 1728 religavit
476 1659 509 1711 ab
521 1675 616 1728 aggere
627 1657 741 1713 daffem.

143 1756 241 1810 AEneaa
252 1795 260 1820 ,
275 1756 409 1826 primique
420 1757 498 1809 duces
508 1795 516 1820 ,
533 1757 560 1809 δι
570 1757 681 1825 pulcher
690 1757 763 1810 lilius

107 1857 230 1924 Corpora
237 1855 284 1908 sub
295 1854 374 1908 ramis
386 1856 525 1924 deponunt
532 1854 634 1911 arboris
645 1857 722 1916 alt23
789 1895 791 1897 .

104 1952 303 2021 Instituuntque
312 1953 410 2019 dapes,
427 1952 560 2006 &adorea
571 1952 625 2005 liba
635 1969 683 2020 per
693 1953 800 2007 herbam

85 2034 91 2041 ⁰
106 2046 346 2117 Subjiciuurepulis
357 2046 368 2114 (
378 2047 413 2100 fic
420 2040 526 2117 Jupiter
534 2047 591 2117 ipse
599 2046 742 2114 monebat)
824 2089 826 2092 -
853 2067 906 2105 uo

105 2148 139 2200 Er
149 2147 258 2200 Cereale
268 2146 353 2199 solutu
365 2143 454 2213 pomis
464 2142 605 2214 agrestibus
616 2158 723 2215 augent.
816 2156 818 2160 ⁴
831 2190 835 2195 .

106 2242 280 2313 Consumptis
290 2242 335 2294 hic
345 2239 416 2295 fort‘e
426 2240 485 2293 aliis
496 2279 504 2305 ,
520 2254 550 2292 ur
561 2255 667 2293 verrere
675 2240 779 2294 morsus

105 2344 237 2414 Exiguam
246 2341 276 2393 in
285 2343 409 2393 Cererem
419 2339 529 2407 penuria
540 2337 627 2415 adegit
636 2338 749 2402 edendi,

105 2442 138 2494 Er
149 2441 254 2494 violare
265 2455 347 2493 manu
357 2438 485 2506 malisque
496 2434 636 2488 audacibus
647 2436 741 2489 orbem

105 2537 200 2590 Fatalis
213 2535 308 2599 crusti,
325 2535 423 2604 patulis
432 2550 483 2587 nec
491 2550 598 2602 parcere
608 2533 731 2603 quadiu:
853 2518 910 2611 1¹5*

105 2635 179 2687 Heus
191 2637 197 2687 l
209 2631 290 2685 etiam
299 2632 401 2684 mensas
410 2629 611 2694 consumimus,
625 2630 805 2699 inquitliius.

104 2733 160 2782 Nec
170 2730 266 2798 plura,
281 2728 408 2780 alludens.
422 2726 457 2778 Ea
467 2742 527 2779 vox
538 2725 626 2781 audita
634 2727 757 2781 laborum

104 2826 192 2880 Prima
200 2824 263 2878 tulit
271 2823 372 2885 finema
387 2824 554 2893 primamque
565 2824 701 2894 loquentis
713 2827 745 2878 ab
757 2842 805 2880 ore

102 2921 207 2992 Eripuit
215 2935 308 2992 pater,
323 2936 354 2974 ac
362 2919 518 2990 stupefactus
531 2921 639 2974 numine
651 2921 749 2989 preffir.

627 3020 653 3070 A
671 3019 700 3071 iu
