2017 3692
144 670 1541 860 ‚ARGUMENTUM

423 960 595 1030 IN
680 959 1378 1032 AENEIDA.

231 1166 390 1175 --
737 1119 1415 1192 -Ἡιεεε--Ὴ

371 1268 737 1341 LIBER
801 1267 1433 1341 SEPTIMUS.

160 1379 554 1509 AENEAS
595 1460 625 1502 e
669 1436 958 1504 Cumano
996 1433 1203 1502 littore
1244 1435 1338 1502 ad
1368 1435 1646 1504 occiden-

155 1553 276 1598 tem
309 1535 683 1624 proveblus,
719 1532 1047 1602 tumulata
1083 1533 1155 1598 in
1198 1533 1649 1600 Auruncorum

156 1631 370 1699 littore
423 1630 648 1698 Caieta
693 1633 934 1699 nutrice
963 1629 1105 1720 sua
1135 1680 1162 1714 ,
1204 1627 1648 1726 praetergreffits

159 1750 437 1796 montem
493 1729 840 1815 Circaeum,
890 1729 1092 1795 Circes
1132 1725 1525 1794 habitatione
1579 1725 1646 1796 δ’

158 1825 475 1914 veneficiis
525 1823 873 1914 infamem,
910 1824 1000 1892 acl
1038 1819 1211 1921 ostia
1236 1824 1490 1912 Tyberis
1531 1851 1647 1913 ap·

145 1924 430 2012 pellitur.
473 1922 654 1990 Tunc
687 1923 963 1990 Latinus
1002 1923 1139 1989 illic
1179 1921 1653 2016 Aboriginibus
1714 1958 1717 1961 *

158 2020 534 2108 imperabat.
567 2019 743 2086 Huic
768 2020 959 2086 unica
986 2039 1114 2086 erat
1126 2017 1281 2108 filia
1318 2019 1599 2086 Lavinia
1618 2066 1645 2100 ,

158 2117 377 2184 Fauni
419 2116 692 2185 oraculis
737 2115 1049 2213 destinata
1092 2137 1347 2184 externo
1374 2121 1643 2201 marito,

158 2214 422 2282 Amatae
465 2234 677 2281 tamen
710 2214 929 2280 matris
971 2217 1303 2281 voluntate
1334 2210 1649 2308 promiffa

160 2309 385 2379 Turno
455 2313 843 2378 Rutulorum
905 2311 1056 2402 regi.
1121 2309 1335 2376 Mittit
1392 2311 1649 2378 AEneas

161 2409 465 2476 Oratores
515 2408 897 2475 Laurentum
941 2456 963 2490 ‚
1036 2409 1107 2471 in
1155 2406 1365 2471 urbem
1424 2407 1650 2475 Latini

155 2507 419 2597 regiam.
464 2505 742 2572 Latinus
782 2504 1062 2570 AEneam
1104 2553 1124 2589 ,
1174 2527 1306 2568 non
1354 2503 1537 2570 modo
1575 2506 1649 2572 in

133 2603 393 2693 socium
428 2654 453 2687 ,
498 2600 623 2691 fid
675 2602 915 2668 oraculi
956 2608 1194 2666 'memor
1231 2651 1253 2685 ,
1322 2601 1511 2667 etiam
1575 2603 1649 2669 in

151 2724 445 2793 generum
473 2698 777 2766 admittit.
801 2697 1063 2766 Interim
1098 2696 1275 2766 ,Iuno
1300 2745 1323 2778 ‚
1344 2697 1651 2787 prosperis

158 2795 593 2886 Trojanorum
631 2796 806 2864 rebus
845 2790 1083 2890 offensa
1107 2844 1131 2878 ,
1177 2813 1389 2861 evocat
1415 2793 1649 2864 AleHo

151 2919 240 2963 ex
263 2891 510 2982 inferis.
542 2890 755 2961 Alec‘lo
769 2886 1055 2983 primum
1087 2892 1398 2960 Amatam
1431 2892 1654 2962 Latini

282 3011 456 3065 Tamus
493 3009 528 3061 I
534 3008 582 3065 Ῑ.
1383 3007 1434 3060 A
