2017 3692
172 824 338 956 Dent,
352 890 457 956 Tucca,
469 888 519 944 tibi
527 889 619 956 venit,
631 889 676 943 sed
685 889 753 966 saepe
762 891 858 947 videte

208 988 273 1042 Non
283 987 363 1043 licet:
376 988 506 1043 occulitur
517 988 611 1042 limine
620 989 705 1042 clausa
713 988 779 1065 viri.
822 989 826 990 ⁷

172 1084 252 1139 Delia
260 1084 329 1155 sepe
340 1084 407 1151 tibi,
419 1102 476 1139 nou
484 1084 562 1139 venit
573 1087 657 1139 adhuc
666 1084 749 1139 mihi:
762 1102 881 1157 namque

208 1182 238 1236 si
248 1181 398 1248 occulitur,
412 1181 494 1254 longe
504 1182 556 1248 est,
568 1197 677 1254 tangere
685 1183 759 1253 quod
767 1200 898 1254 nequeas.

138 1293 150 1347 ς
171 1279 286 1338 Venerit
294 1293 340 1335 aut
348 1280 417 1346 tibi,
428 1269 535 1348 sedium
543 1279 598 1347 jam
606 1280 675 1334 mihi
686 1279 797 1338 nuntius
809 1281 859 1340 iste

207 1377 282 1447 Quid
291 1376 416 1449 prodest?
428 1377 469 1432 illi
478 1377 577 1442 dicito,
589 1395 648 1450 quae
660 1377 748 1435 rediit.

171 1524 375 1580 Corinthiorum
385 1524 718 1593 amatoristeverboruru‚

170 1623 220 1677 Iste
229 1623 276 1678 iste
285 1625 393 1678 rhetor:
405 1640 520 1695 natuque
530 1638 661 1693 quatenus
669 1638 743 1679 totus

23 1775 26 1782 ,
171 1721 338 1793 Thucycides
347 1736 475 1793 tyrannus
486 1720 583 1775 Atticae‘
591 1721 689 1785 febris,

117 1808 152 1849 ¹⁰
170 1819 228 1873 Tau
240 1818 374 1874 Gallicum
383 1819 466 1889 spine
475 1818 589 1889 ipsemet
596 1817 668 1872 male
677 1817 765 1884 illifit,

170 1914 219 1969 Ista
230 1918 343 1982 omnia,
359 1916 496 1970 ista‘verba
505 1914 707 1971 miscuufrarr'u
753 1940 755 1942 ¹

170 2016 252 2068 Socer
259 2015 335 2067 beare
347 2030 397 2067 nec
408 2013 456 2066 tibi
468 2053 476 2079 ,
488 2030 538 2067 nec
547 2013 640 2079 alteri,

171 2111 314 2181 Generque
324 2110 459 2164 Notiuine
471 2150 479 2175 ,
491 2110 614 2181 putidum
622 2122 720 2180 caput,

169 2207 513 2278 Tuonenuncpuellatalis
526 2247 534 2272 ,
548 2208 602 2261 heu
611 2221 661 2261 tuo
691 2207 693 2211 ’

116 2303 145 2355 ¹5
169 2309 284 2378 stupore
295 2305 378 2378 press'a
391 2324 435 2359 rus
444 2305 525 2359 abibit
535 2307 546 2359 ἓ
557 2305 603 2358 hei
612 2305 680 2359 mihi

168 2407 208 2459 Ut
216 2404 263 2459 ille
272 2406 363 2459 versus
372 2406 560 2473 usquequaque
571 2402 697 2472 pertinet.

169 2501 278 2566 Gener,
294 2502 441 2571 socerque,
457 2498 605 2570 perdidistis
615 2498 716 2554 omnia.

167 2600 284 2669 Superbe
293 2596 575 2666 Noetuiue‚putidum
584 2610 677 2665 caput,

47 2709 50 2714 ’
167 2694 739 2766 Daturtibipuellssquampetindatur„

60 2817 62 2822 ·
115 2801 150 2844 20
168 2796 273 2859 Datur,
287 2793 397 2863 superbe
408 2793 559 2859 Noetuine,
572 2808 652 2863 quam
660 2790 750 2861 petie:

135 2901 137 2904 ·
168 2884 238 2952 Sed,
253 2883 392 2957 &superbe
402 2883 556 2955 Noctuine,
572 2900 628 2940 uon
636 2882 714 2940 vides
