2017 3692
187 215 267 311 264
408 210 709 295 Mirans

181 374 251 425 Tum
260 372 325 426 vina
333 372 473 428 effimdunt
484 376 581 444 pateris
593 415 600 438 ‚
617 377 643 429 ἃ
654 378 723 429 dona
733 375 810 446 Lyaei
868 377 871 380 “

179 471 353 525 Accumulant
366 491 372 525 :
385 472 472 542 plenis
485 487 643 526 venerantur
652 474 771 528 lancibus
782 491 851 528 aras.
940 479 942 485 ’
985 489 987 492 ·

179 568 269 620 Thura
277 568 352 639 ignes
363 570 486 633 adolent,
497 584 605 622 onerata
615 570 708 622 altaria
716 571 830 637 sumant.

197 666 965 737 TumplaususpertedlamoventmagnumqueTonantem
999 731 1000 742 γ

178 765 335 829 Extollunt,
348 766 555 834 Veneremque,
569 766 601 818 ’δι
610 781 636 818 te
649 765 789 829 ,Saturnia
797 766 811 819 J
814 783 890 831 uno„
999 799 1000 804 =

177 863 191 915 J
194 880 235 914 arn
245 863 374 932 placidam
387 865 412 916 δι
422 863 564 916 meliorem
574 863 677 933 ingenti
688 865 765 916 laude
777 863 908 919 fatenturt

176 960 383 1030 Mavortemque
393 961 479 1030 ipsum
492 980 498 1013 :
511 976 568 1013 tum
577 977 664 1016 cetera
673 962 748 1013 turba
759 962 883 1013 Deorum

175 1057 207 1107 In
217 1058 334 1111 medium
345 1058 453 1111 effertur
463 1100 471 1123 ,
487 1059 597 1112 summis
607 1048 667 1112 cunr
676 1058 791 1111 vocibus
801 1061 870 1112 altos

176 1153 278 1207 Perlata
289 1157 320 1207 ad
330 1158 433 1209 coelos:
450 1171 511 1210 ante
520 1173 615 1209 omnes
627 1156 728 1227 gratior
738 1174 808 1209 unus

175 1252 273 1305 AEneas
285 1252 403 1323 duplices
415 1254 536 1307 mittebat
545 1256 577 1306 ad
586 1255 683 1306 aethera
694 1256 816 1321 palmas,

174 1349 207 1400 Et
218 1366 329 1418 puerum
338 1367 421 1418 pauca
430 1367 477 1403 ore
486 1351 563 1402 dabat
571 1352 729 1418 complexus
739 1351 843 1403 Iulum:

174 1449 243 1503 Nate
253 1489 262 1513 ‚
274 1448 303 1500 in
312 1465 367 1517 quo
379 1448 438 1517 spes
448 1465 501 1501 una
513 1447 614 1517 patris,
630 1464 679 1516 per
690 1461 764 1500 tanta
774 1449 898 1501 laborum
999 1489 1000 1510 2

175 1546 264 1611 Quem
273 1546 356 1598 variis
365 1545 438 1598 acius
446 1546 507 1598 fatis
518 1544 668 1606 discrimina
677 1544 756 1608 duxi,

173 1642 239 1695 Ecce
250 1644 359 1697 inventa
368 1644 443 1712 quies
454 1663 461 1697 ε
472 1660 533 1696 ecce
542 1645 587 1697 illa
599 1657 718 1696 extrema
727 1644 878 1716 malorum,
925 1630 929 1635 ¹

173 1739 308 1792 AErumnis
320 1740 417 1793 sastura
428 1741 539 1792 modum
549 1778 556 1803 ‚
568 1738 742 1808 acceptiffima
755 1740 877 1808 semper,

118 1862 120 1868 π
174 1837 261 1904 Atque
271 1851 363 1906 optata
371 1836 442 1900 dies,
454 1853 534 1906 quam
544 1835 646 1889 durain
656 1837 724 1889 bella
733 1852 868 1901 vocatus,

173 1935 249 2002 Saepe
260 1933 309 1985 tibi
317 1935 368 1986 Dis
380 1933 527 2003 auspicibus
537 1932 684 1987 meminisse
695 1934 812 1986 futuram

161 2009 232 2084 ¹Jatn
241 2029 365 2082 memini:
374 2045 491 2093 nuncte,
502 2031 563 2084 cunr
575 2030 692 2099 primiim
702 2032 807 2084 Aurora
818 2031 925 2085 rubebit
999 2085 1000 2092 ,

174 2126 310 2192 Crastina,
326 2119 465 2180 sublimem
475 2121 637 2180 Rutulorum
647 2130 679 2180 ad
690 2128 793 2181 moenia
803 2129 924 2184 mittam.
999 2177 1000 2212 p

103 2297 106 2303 Ι
171 2225 278 2279 Dehinc
287 2225 340 2278 sese
350 2227 381 2277 ad
391 2241 497 2295 gentem
505 2225 613 2280 Iliacam
623 2227 767 2291 volvebat,
783 2227 810 2278 &
823 2230 882 2280 alto
999 2223 1000 2242 ¹

171 2322 281 2375 Peslore
290 2324 371 2375 verba
379 2323 485 2375 trahens
495 2361 504 2385 ‚
515 2323 612 2376 blando
624 2322 660 2375 est
669 2322 703 2376 fic
713 2325 898 2402 orellocutusl:
999 2305 1000 2356 3

153 2440 155 2444 ·
209 2421 236 2473 0
249 2421 315 2474 socii
326 2437 374 2489 per
385 2422 465 2482 dura,
478 2435 508 2471 ac
519 2420 598 2472 densa
608 2420 725 2489 pericula
735 2421 823 2485 veni,

171 2517 221 2570 Per
232 2531 321 2569 tantos
330 2518 462 2570 bellorum
473 2515 565 2580 aestus,
579 2516 748 2585 duplicesque
759 2518 867 2572 furores

170 2613 928 2683 Armorumpertotquehyemes,perquicquidacerbum,

170 2711 961 2784 Horrendurn,grave‚triste‚ingens,perquicquidiniquum,

169 2809 331 2873 Infaustum‚
344 2809 371 2861 &
379 2808 484 2860 crudele
495 2808 580 2871 foret,
592 2807 743 2861 convertite
754 2825 880 2863 mentem
999 2843 1000 2878 p

168 2909 201 2968 ln
214 2907 308 2960 melius
321 2925 327 2958 :
339 2906 393 2975 jam
404 2885 467 2958 sinit
479 2904 564 2960 adest:
574 2904 618 2959 hic
631 2917 702 2960 meta
710 2907 846 2960 malorum
