2017 3692
171 261 688 348 SUPPLEMENTUM.
751 266 830 369 269

84 428 180 496 Etiam
191 429 247 484 feffi
258 431 330 483 ibant
338 447 386 499 per
395 432 478 483 multa
487 428 589 482 filentia
599 427 692 482 nostis'

86 528 224 580 Cedentes
234 527 289 580 sese
299 546 306 580 :
317 526 481 598 gress'umque
490 527 520 579 in
529 525 597 581 tecta
606 524 717 579 Latinus

83 624 207 676 flexerat
217 663 225 688 ,
238 624 341 695 ingenti
349 628 467 688 turbatus
475 625 567 678 funere
577 637 705 676 mentem.

85 719 148 772 Unel
159 736 253 774 omnes
262 724 393 793 lacrymas
405 725 519 784 matres‚'
530 720 658 788 puerique
670 718 807 786 senesque'

85 818 255 890 fundebant,
267 818 387 871 moestam
396 818 538 888 implentes
550 818 694 888 mugitibus
705 817 821 870 urbem.'

85 903 187 968 Inscius
196 930 223 968 at
232 915 321 970 tantos‘
330 917 441 969 Daunus
451 913 581 984 supereffe'
590 915 730 978 dolotes‚'
814 957 821 964 ,

86 1012 119 1063 Et
131 1027 222 1065 natum
232 1029 355 1067 extremo
365 1013 552 1082 consumpntm
561 1013 649 1065 Marte
658 1011 796 1078 superbam
806 999 812 1022 ³

85 1108 210 1164 Effudiffe
221 1112 348 1176 animam,
357 1112 488 1181 largisque
497 1113 530 1164 ad
538 1111 639 1163 moenia
651 1110 711 1163 duci

87 1210 158 1261 Cum
166 1209 308 1278 lacrymis,
320 1207 388 1261 alios
399 1207 513 1278 gemitus
523 1208 648 1278 curasque
659 1193 783 1262 fovebarss

86 1307 209 1375 Namque
219 1321 254 1358 ex
263 1304 366 1359 diversa
376 1307 498 1358 caderent
508 1306 570 1358 dum
581 1321 655 1374 parre
666 1304 770 1370 Latini,

86 1402 216 1456 Etrcalido
227 1402 333 1455 Turnus
344 1402 456 1455 foedaret
465 1401 593 1472 sanguine
603 1418 717 1467 terram,

87 1503 188 1556 Urbem
199 1499 294 1570 ingens
303 1498 425 1564 flamma,
435 1500 463 1552 δι
471 1516 563 1553 muros
572 1499 704 1554 invaserat
713 1500 797 1553 altost
833 1503 835 1508 ’

87 1600 213 1653 Fumabat
223 1598 309 1667 ruptis
320 1597 410 1652 miseri
420 1597 503 1666 patris
512 1599 598 1651 Ardea
607 1597 699 1664 tediis,

86 1699 120 1751 Et
129 1680 225 1750 retain
235 1697 352 1751 cinerem
361 1698 502 1766 vergebat,
513 1696 540 1749 bt
550 1694 616 1749 astra
625 1696 724 1750 saville

71 1839 75 1846 .
87 1795 216 1849 Altivolae
225 1793 370 1863 implebant
380 1811 450 1858 ,nec
458 1794 518 1864 spes
527 1796 587 1863 plus
596 1795 650 1847 ulla
658 1792 763 1848 salutis.v

87 1894 151 1948 Sive
158 1891 563 1963 quidemficDiisplacinrmest,
575 1893 620 1946 seu
625 1892 732 1962 ptaescia
737 1892 824 1946 Turni

87 1994 198 2064 Signum
206 2006 237 2045 ut
245 1992 298 2045 fata
306 1993 397 2045 darent
405 1991 539 2044 horrendo
550 1991 638 2045 Marte
647 1990 790 2061 perempti.

122 2086 267 2158 Extempld
277 2072 392 2142 concnffi
401 2088 521 2153 animos,
532 2091 686 2160 turbataque
696 2089 771 2144 cives

87 2187 197 2244 Pediora
208 2188 337 2241 cadentes
347 2224 356 2252 ‚
367 2185 520 2238 miseranda
529 2185 609 2240 sortis
617 2186 742 2256 iniquum

86 2285 229 2339 Deflebant
237 2284 325 2337 casum
335 2322 343 2348 ,
354 2280 491 2353 longeque
500 2299 536 2335 ex
545 2283 638 2336 ordine
647 2298 745 2337 matres

86 2386 176 2453 Atque
187 2381 281 2435 avidos
290 2379 357 2434 totis
367 2378 502 2449 fugiebant
512 2377 618 2433 viribus'
626 2382 714 2450 ignes.

86 2484 126 2536 Ac
137 2480 223 2534 veluti
234 2480 294 2533 clun
306 2478 381 2549 nigra
391 2478 489 2536 cohors
501 2476 613 2546 posuere
625 2478 671 2531 sub
680 2479 733 2531 alta
744 2467 746 2472 ¹

86 2580 207 2642 Arbore,
221 2577 247 2629 δι
258 2577 287 2628 in
296 2574 352 2628 fiffa
363 2563 449 2629 radice
461 2575 557 2629 cubilia
566 2577 652 2647 longo

86 2674 216 2732 Formica
225 2674 349 2728 instantes
358 2673 435 2743 operi
447 2674 557 2739 ‚tidura
565 2674 663 2729 securis

86 2774 224 2829 Incumbat
233 2811 241 2836 ‚
251 2772 383 2841 versoque
392 2771 519 2841 infringat
528 2772 643 2825 culmine
655 2773 750 2841 parvas

86 2872 164 2925 Saeva
175 2870 260 2934 casas,
272 2885 340 2922 mox
350 2870 470 2923 certatim
479 2870 534 2923 sese
545 2871 650 2941 agmine
662 2872 752 2941 sparso

88 2967 245 3039 corripiunt
256 2966 402 3040 moestaque
411 2955 488 3041 lugd,÷
499 2968 661 3040 trepidaque
669 2969 801 3025 feruntur:

96 3095 99 3100 >
619 3066 652 3119 M
669 3082 689 3121 v
