2017 3692
270 248 515 336 [ΜΗ
560 216 682 336 XII.
748 282 821 367 ¹93

80 413 231 482 Esteboui‚
247 416 375 488 quoniam
386 415 494 486 Superis
507 416 598 470 aversa
606 418 744 471 voluntas.

82 512 172 569 Sandia
184 503 216 569 ad
226 533 279 569 vos
291 515 379 569 anima
387 531 468 587 ‘atque
481 514 555 568 istius
567 514 648 567 inscia
660 517 744 584 culpae

82 612 752 688 Descendam,magnorumhaudumquamindignus
760 629 882 666 avorum.

117 710 176 764 Vix
187 729 218 765 ea
229 712 297 765 fatus
308 726 363 766 erat
373 753 382 777 ‚
393 713 496 767 medios
507 714 584 765 volat
594 728 655 764 ecce
664 727 712 780 per
719 708 808 763 hostes
828 709 882 774 650

81 808 181 864 venus
193 827 264 879 equo
276 811 413 879 spumante
426 812 505 882 Sages
517 851 526 875 ,
542 810 650 863 adversa
661 808 754 879 sagitri

81 907 188 960 Saucius
198 924 245 960 ora
255 948 263 972 ,
275 908 381 979 ruitque
391 908 538 978 implorans
549 908 658 962 nomine
668 908 788 960 Turnum
800 926 806 958 ε

80 1006 169 1057 Turne
180 1044 188 1068 ,
198 1004 228 1057 in
240 1020 266 1057 te
278 1006 399 1074 suprema
409 1007 476 1059 salus
487 1026 495 1068 3
508 1007 632 1060 miserere
645 1021 762 1059 tuorum.

80 1102 212 1156 fulminat
222 1102 318 1157 AEneas
328 1103 408 1155 armis
419 1144 427 1167 ,
439 1103 604 1173 summasque
615 1104 730 1156 minatur

79 1198 252 1267 Dejesturum
264 1216 335 1253 arces
344 1200 440 1253 Italbm
452 1238 461 1264 ,
474 1200 635 1269 excidioque
645 1201 775 1253 daturum.
830 1199 880 1266 655

78 1298 190 1368 Jamque
200 1298 270 1350 faces
282 1299 314 1351 ad
326 1296 394 1350 tedia
404 1298 499 1350 volant
509 1315 518 1357 ·‚
532 1295 561 1348 in
570 1310 596 1348 te
607 1313 655 1349 ora
664 1297 771 1361 Latini,

77 1396 111 1448 ln
122 1412 148 1448 te
161 1397 255 1448 oculos
264 1395 398 1449 referunt:
409 1391 502 1446 muffat
513 1410 562 1445 rex
570 1391 626 1460 ipse
636 1392 745 1445 Latinus
756 1433 764 1456 ,

11 1553 14 1562 ¹
78 1493 158 1559 Quos
170 1508 283 1563 generos
295 1506 392 1556 vocet,
403 1507 448 1544 aut
457 1509 516 1560 quae
526 1490 580 1544 sese
586 1492 618 1543 ad
624 1491 720 1545 foedera
729 1490 827 1547 fled'tat.
862 1495 864 1500 '

12 1578 14 1583 ’
78 1590 208 1643 Praeterea
217 1589 337 1660 Regina,
350 1588 390 1642 tui
399 1587 539 1652 fidiffima,
556 1588 648 1641 dextri

78 1679 188 1742 Occidit
200 1685 256 1755 ipsa
264 1685 328 1751 sud,
340 1687 480 1754 lucemque
490 1683 617 1737 exterrita
627 1684 704 1755 fugit„
793 1757 798 1766 ·
829 1689 883 1743 660

79 1784 139 1837 Soli
150 1801 202 1853 pro
212 1784 299 1852 portis
309 1782 443 1852 Meffapus
455 1783 481 1837 dt
490 1799 549 1835 acer
558 1781 652 1835 Atinas

75 1879 229 1935 Sustentant
241 1880 324 1933 aciem
337 1899 344 1933 z
357 1880 456 1934 circum
467 1880 518 1933 hos
531 1878 665 1949 utrimque
684 1881 826 1951 phalanges

11 2037 17 2049 ¹
75 1980 158 2032 Stant
169 1977 253 2031 densae
264 2017 272 2041 ,
283 1976 428 2046 studiisque
440 1978 513 2047 seges
526 1978 696 2032 mucronibus
705 1979 798 2031 horret

12 2064 17 2074 '¹
73 2076 173 2128 Ferrea
183 2093 190 2128 :
201 2087 231 2126 tu
241 2090 346 2128 curnam
356 2074 459 2127 deserto
469 2072 498 2126 in
510 2075 629 2145 gramine
641 2077 746 2130 versas!

115 2172 260 2241 Obstupuit
271 2171 345 2225 varii
358 2173 481 2225 confusus
493 2172 610 2244 imagine
620 2191 709 2226 rerum
828 2181 879 2249 665

13 2258 20 2340 Ἰ
69 2249 205 2333 Turnus,
222 2269 249 2321 ἃ
260 2269 355 2322 obtutu
367 2268 449 2321 tacito
461 2268 532 2322 stetit
545 2288 552 2322 ε
567 2268 655 2322 aestuat
669 2269 764 2340 ingens

11 2357 19 2365 ’
72 2371 137 2433 Imu¹
151 2369 180 2421 in
189 2369 268 2421 corde
277 2368 382 2436 pudor,
393 2366 535 2436 mixtoque
546 2366 648 2420 insania
656 2366 748 2433 lustu,

72 2469 109 2521 Et
119 2465 197 2519 furiis
209 2465 321 2537 agitatus
334 2480 410 2517 amor
421 2464 447 2515 δι
458 2464 563 2518 conseia
574 2463 671 2520 virtus.

72 2566 116 2618 Ut
128 2559 246 2632 primum
255 2560 369 2615 discuffae
378 2563 496 2625 umbrae,
515 2562 597 2615 &lux
612 2561 712 2617 reddita
723 2561 827 2630 menti,

72 2662 209 2714 Ardentes
221 2663 361 2714 oculorum
370 2662 448 2714 orbes
458 2661 490 2712 ad
499 2657 597 2714 moenia
606 2662 682 2715 torfit
827 2668 881 2736 670

11 2790 29 2854 β
72 2756 230 2823 Turbidus,
245 2777 313 2829 eque
325 2760 393 2813 rotis
406 2774 528 2830 magnam
537 2760 654 2828 respexit
664 2762 696 2813 ad
704 2762 806 2818 urbem.

72 2856 145 2908 Eece
156 2868 243 2908 autem
253 2854 368 2909 flammis
379 2855 448 2908 inter
457 2857 571 2909 tabulata
579 2858 691 2908 volutus

12 2901 29 2949 tf

11 2989 30 3052 β
73 2954 119 3006 Ad
132 2955 229 3007 coelum
238 2957 351 3008 undabat
360 2970 477 3020 vortex,
490 2955 637 3024 turrimque
649 2955 774 3019 tenebat,

77 3131 81 3137 .
143 3051 231 3104 Tomut
251 3051 295 3107 ΙΙ.
643 3093 646 3100 .
705 3053 719 3105 1
