2017 3692
132 230 659 313 Supprrnrnrom
724 232 799 337 283

66 385 91 440 0
102 374 180 452 felix,
190 407 271 457 quem
281 406 353 444 tanta
364 407 472 445 manent
486 396 492 445 !
506 391 601 445 dehinc
612 407 676 459 pace
686 389 788 443 tenebis

65 484 115 536 Sub
123 487 224 553 placida
233 502 340 557 gentem
349 489 455 541 Iliacam
466 506 473 540 :
486 486 545 557 post
553 487 649 551 fessus,
663 488 690 539 δι
700 503 765 540 aevo

66 582 205 637 Consediur
215 587 321 637 tandem
331 585 431 656 Elysias
440 586 516 639 socer
525 586 573 639 ibit
582 588 614 639 ad
623 588 727 638 umbras
738 603 745 638 ε

65 681 189 734 succedes
198 682 302 751 sceptro
316 699 413 755 ‚atque
424 684 497 736 Italis
508 684 694 747 dominabere,
707 684 780 753 leges

15 810 18 814 ν
66 782 227 833 Communes
239 781 401 850 Teucrisque
410 781 512 834 serens:
521 795 578 833 rum
589 783 665 834 larus
675 782 708 834 ad
719 783 801 834 altum

64 877 103 929 Te
113 878 202 931 mitres
212 881 312 932 coelum
322 898 331 939 ·,
341 880 376 931 fic
384 878 433 931 stat
441 879 571 932 sententia
582 878 695 933 Diviim.

64 973 161 1032 Dixit:
175 975 202 1028 δι
213 974 273 1028 inde
284 977 360 1029 leves
371 977 476 1047 fugiens
486 976 513 1028 se
524 976 603 1029 vexit
612 978 644 1029 ad
652 992 738 1031 auras.

99 1071 196 1126 AEneas
206 1085 282 1125 tanto
293 1072 460 1140 stupefadlam
470 1072 580 1127 numine
590 1065 708 1128 mentem

65 1171 200 1225 Perculsus
211 1210 219 1235 ,
230 1170 312 1226 Divae
320 1170 423 1241 peragit
434 1172 556 1224 mandata
566 1173 694 1240 parentis.

65 1271 97 1321 Et
106 1268 159 1335 jam
169 1267 333 1337 compositos
342 1268 414 1321 felici
424 1268 453 1319 in
461 1281 527 1337 pace
536 1270 642 1337 regebat
756 1327 757 1330 Ἴ

7 1433 9 1436 v
63 1364 244 1421 Dardanidas:
260 1364 287 1416 δι
297 1363 351 1429 iarn
361 1364 489 1416 decedens
501 1364 604 1433 sceptra
614 1364 723 1420 Latinus

63 1464 206 1532 Liquerat,
217 1462 244 1513 δι
255 1460 315 1530 pius
326 1459 423 1513 AEneas
436 1457 608 1524 succefferat,
623 1477 732 1515 omnem

63 1559 211 1616 Ausoniam
221 1557 345 1626 ,latique
356 1571 454 1625 potens
466 1556 570 1611 ditione
579 1559 694 1613 tenebat.

64 1658 125 1714 Jam
134 1656 241 1727 paribus
250 1655 368 1725 Phryges
379 1695 387 1719 ,
402 1670 481 1725 atque
489 1656 551 1709 Itali
560 1655 587 1709 se
597 1656 716 1710 moribus
724 1653 796 1711 ulrrd
807 1694 815 1723 ‚

64 1757 98 1809 Et
110 1755 183 1808 socia
193 1754 297 1823 ingenti
306 1750 445 1806 firmabant
456 1754 566 1822 pediora
577 1771 687 1819 amore,

66 1853 256 1922 concordique
267 1867 355 1919 aequas
365 1850 508 1903 miscebant
517 1852 617 1903 loedere
627 1853 699 1920 leges
710 1868 719 1910 3

66 1954 139 2007 Tum
151 1950 242 2003 medio
254 1949 348 2000 Venus
360 1946 494 1999 exsultans
504 1948 532 2000 se
544 1946 652 1999 inunifit
664 1947 789 2018 Olympo

22 2079 30 2090 ·
65 2050 138 2104 Ante
149 2049 266 2103 lovem:
278 2046 304 2098 δι
316 2046 457 2112 complexa
468 2044 595 2113 pedes‚s1c
605 2062 655 2100 ore
664 2047 754 2100 locuta
762 2043 818 2100 estc

68 2144 253 2213 Omnipotens
266 2140 372 2211 genitor
384 2178 392 2204 ‚
404 2140 452 2209 qui
459 2141 537 2211 ‚solus
546 2142 578 2194 ab
589 2143 686 2195 athera
695 2142 813 2196 summo·

20 2279 22 2282 ,
68 2243 172 2301 cundia
178 2257 274 2295 moves
283 2257 290 2290 :
298 2237 345 2307 qui
352 2235 551 2300 reshominum
558 2238 683 2305 curasque
690 2237 818 2292 recenses:
845 2308 846 2311 Ἴ

67 2345 145 2397 Dum
157 2340 277 2393 Teucros
286 2335 401 2387 traheret
410 2332 517 2385 fortuna
527 2332 636 2385 inimica
646 2373 654 2397 ‚
666 2335 808 2400 recordor,

68 2438 225 2509 Spondebas
236 2433 319 2488 finem
330 2428 455 2484 arumnis
465 2465 474 2490 ‚
485 2430 613 2498 rebusque
626 2431 746 2487 salutern.

68 2538 129 2590 Nec
140 2549 185 2587 tua
197 2549 240 2585 me
251 2528 395 2601 promissa,
407 2543 497 2597 pater,
511 2528 640 2581 sententia
650 2529 734 2583 fallit:

68 2634 195 2700 Namque
204 2645 299 2682 omnes
309 2628 422 2698 gaudere
432 2624 502 2679 sacra
514 2639 567 2678 tres
577 2641 642 2693 pace
651 2641 699 2695 per
708 2642 793 2680 annos
812 2647 817 2656 ⁸

69 2729 208 2783 Viderunt
219 2728 292 2780 Italae
304 2726 380 2779 nullo
390 2719 540 2777 discrimine
552 2738 657 2794 partes:

70 2826 179 2880 Verium
190 2826 223 2878 ad
231 2823 323 2902 fiderei
333 2822 470 2876 miffurum
478 2823 595 2878 culmina
604 2821 668 2876 coeli

72 2923 217 2988 Pollicitus
229 2937 355 3011 magnum
363 2922 493 2990 AEnearn,
505 2922 684 2996 meritumque
690 2920 792 2998 ferebar
815 2969 822 2978 .
