2017 3692
160 176 162 185 Ι
254 239 636 327 LGnnXl.
730 250 807 350 1'49

60 405 159 461 Gloria
170 407 286 462 selesios
298 408 376 462 Latio
389 410 416 462 &
427 406 601 460 Laurentibus
612 405 691 487 agris

58 503 103 555 1².st
113 505 313 577 &Volscorum
322 496 427 577 egregia
436 508 468 560 de
478 520 557 576 gente
569 504 699 569 Camilla,

60 601 167 677 Agmen
175 618 256 677 agens
266 594 387 673 equitum
397 604 424 657 δι
433 601 560 657 florentes
570 619 621 658 aete
632 616 762 685 cateruasr

61 696 145 764 Quod
155 698 175 750 si
187 716 230 773 me
241 700 329 752 solum
339 699 436 754 Teucri
446 698 476 751 in
484 698 629 752 certamina
639 697 770 767 poscunt,

59 797 144 865 ldque
154 799 255 865 placet,
265 797 420 866 tantumque
430 795 511 850 honis
523 793 708 849 communibus
718 792 803 854 obsto,
810 785 861 840 435

60 894 127 946 Non
139 895 206 946 adeo
217 896 264 947 has
276 894 357 948 exosa
368 911 462 948 manus
474 893 590 947 visionis
602 893 688 964 sugit,

60 990 101 1043 Ut
110 1004 184 1043 tanta
193 990 335 1060 quicquam
344 1008 394 1060 pro
403 991 449 1060 spe
458 1005 560 1044 tentare
571 991 698 1044 recusem.

60 1090 111 1142 lbo
122 1088 220 1162 animis
232 1088 342 1143 contri:
353 1090 398 1142 vel
410 1105 536 1159 magnum
544 1087 647 1158 prestet
656 1087 808 1152 Achillem,

40 1182 42 1185 ’
60 1186 192 1256 Fasiaque
201 1187 317 1240 Vulcani
325 1186 446 1241 manibus
455 1185 528 1256 paria
537 1187 627 1240 induat
636 1203 709 1239 arma
801 1166 804 1175 ³

60 1286 111 1338 Ille
121 1280 195 1338 licet.
205 1283 293 1338 Vobis
302 1284 419 1338 minam
430 1285 512 1348 hanc,
522 1284 668 1353 soceroque
674 1282 770 1337 Latino
780 1321 788 1346 ,
808 1280 864 1328 44³

61 1383 168 1436 Turnus
180 1399 247 1453 ego,
258 1383 328 1436 haud
338 1382 388 1436 ulli
398 1397 522 1436 veterum
530 1380 631 1435 virmte
642 1379 788 1446 secundus,

61 1481 186 1534 Devovi.
196 1482 290 1535 Solum
301 1482 400 1535 AEneas
411 1496 510 1535 vocat:
525 1480 553 1532 δι
562 1491 644 1533 vocet
655 1518 663 1542 ,
675 1495 735 1533 oro.

60 1580 119 1631 Nec
130 1580 249 1631 Drances
259 1578 369 1647 potitis,
386 1579 440 1630 sive
450 1577 487 1630 est
497 1578 554 1630 hac
566 1577 604 1629 ira
613 1578 753 1641 Deorum,

61 1677 155 1729 Morte
165 1678 240 1737 luat3
255 1676 311 1730 five
324 1675 361 1729 est
375 1675 462 1730 virtus
475 1677 502 1729 δι
514 1676 599 1747 qloria
609 1714 617 1738 ,
629 1676 716 1728 tollat.

98 1773 208 1847 lllihaec
220 1773 291 1825 inter
299 1773 326 1825 se
335 1772 422 1826 dubiis
432 1775 463 1826 de
473 1774 551 1826 rebus
558 1773 671 1844 agebant
809 1778 861 1830 445

62 1874 202 1924 certantes
216 1889 223 1922 :
235 1868 315 1922 castra
326 1868 424 1922 AEneas
435 1848 573 1939 aciemque
583 1870 719 1923 movebat.

61 1968 180 2022 Nuntius
191 1967 294 2039 ingenti
305 1985 353 2038 per
364 1969 437 2039 regia
445 1968 513 2022 resia
524 1968 640 2025 tumultu

61 2066 129 2120 Ecce
141 2065 195 2119 ruit
205 2105 214 2131 ,
225 2065 379 2137 magnisque
389 2067 483 2118 urbem
494 2064 639 2118 terroribus
649 2062 762 2133 implet,

61 2162 205 2218 Instrusios
214 2163 272 2217 acie
280 2163 420 2234 Tyberino
429 2180 445 2215 a
455 2162 566 2217 flumine
576 2163 713 2227 Teucros,

61 2262 284 2335 Tyrrhenamque
293 2276 402 2312 manum
411 2259 476 2315 totis
487 2261 642 2313 descendere
651 2259 761 2329 campis.
808 2270 864 2322 450

60 2360 208 2428 Extemplo
219 2357 315 2410 turbati
326 2354 615 2426 animi,concuffaque
627 2356 703 2425 vulgi
837 2346 840 2353 ⁴

61 2455 173 2510 Pesiora
186 2495 194 2520 ,
211 2456 238 2509 st
248 2454 355 2509 artesiae
362 2454 474 2508 stimulis
483 2456 554 2508 haud
563 2454 688 2507 mollibus
700 2453 756 2507 irae.

59 2557 143 2609 Arma
152 2571 234 2607 manu
242 2553 339 2623 trepidi
348 2553 461 2622 poscunt
471 2592 479 2618 ,
488 2553 579 2611 sternit
590 2569 662 2605 arou
671 2552 808 2621 juventus,

59 2655 138 2706 slent
147 2650 236 2704 moesti
244 2649 409 2721 mussantque
418 2664 505 2720 patres
515 2651 573 2704 :hic
581 2651 697 2722 undique
706 2652 808 2704 clamor

59 2748 187 2803 Diffensu
195 2747 273 2801 vario
283 2764 393 2818 magnus
403 2748 430 2800 se
440 2747 513 2800 tollit
525 2746 555 2800 in
567 2765 655 2802 auras:
808 2758 860 2811 455

60 2847 141 2924 Haud
151 2846 225 2900 secus
237 2859 316 2914 atque
328 2846 384 2898 alto
395 2844 425 2897 in
435 2846 497 2899 luco
510 2860 571 2898 cum
582 2844 653 2898 forte
664 2861 778 2901 caterva

61 2943 213 3001 consedere
222 2942 315 2996 avium
325 2980 333 3007 ,
345 2941 486 3012 piscosove
495 2958 573 2997 amne
582 2942 687 2996 Padusa

587 3037 613 3093 G
633 3039 662 3107 iij
