2017 3692
161 214 213 321 5⁶
316 196 705 292 ‘AENn-rnos'

156 369 210 421 Ter
224 369 298 422 letho
310 354 547 446 stemendusetm
563 372 679 425 cuitunc
689 386 780 426 tamen
790 388 896 428 omnes·
929 383 932 386 ’

111 522 116 529 ,
156 465 896 533 Abstulithaecanimaedextra,&totidemexsuitatmiez

156 563 223 616 Non
230 580 282 634 ego
291 581 361 618 nuuc
369 566 439 620 dulci
450 569 576 636 mplexu
586 567 727 621 divellerer
734 567 844 637 usquam
854 605 864 630 ,

158 660 227 713 Nate
239 698 247 724 ‚
262 676 311 714 tuo
321 681 330 723 3
342 661 556 732 nequefinitimo
567 664 720 733 Mezentius
727 681 856 734 umqtutn

108 774 158 829 570
165 756 236 825 Huic
247 759 328 828 capiti
340 759 467 814 insultans
481 800 489 826 ,
500 775 543 814 tot
552 762 622 816 ferro
634 761 705 814 saeva
715 760 823 814 dediffet

161 855 282 919 Funera,
296 871 350 909 tam
359 857 450 911 multis
461 857 590 933 viduasset
599 858 702 912 civibus
712 859 815 910 urbem

161 953 198 1004 At
210 969 263 1006 vos
273 991 282 1016 ,
293 953 435 1022 dSuperi,
450 954 476 1007 δι
486 954 590 1007 Divum
599 968 629 1007 tu
640 954 757 1006 maxime
768 953 856 1006 rector

120 1044 123 1049 ’
160 1049 267 1118 Jupiter
277 1089 285 1115 ,
296 1049 401 1103 Arcadii
413 1090 421 1113 ,
435 1051 524 1118 quaeso
535 1090 544 1116 ,
554 1050 714 1104 miserescite
723 1050 812 1119 tegis,

163 1145 196 1197 Et
205 1144 302 1212 patrias
312 1146 399 1199 audite
408 1163 510 1215 preces.
520 1147 549 1199 Si
558 1146 667 1200 numina
675 1145 762 1200 vestra

112 1242 334 1311 5751ncolumem
345 1242 460 1296 Pallanta
470 1243 537 1297 mihi
548 1282 556 1308 ‚
568 1244 589 1296 st
599 1241 652 1301 fata
663 1244 814 1302 reservatam

165 1339 195 1392 Si
205 1339 310 1392 visurus
323 1356 384 1392 eum
394 1338 464 1392 vivo
475 1378 483 1403 ,
496 1339 523 1392 δι
533 1354 662 1393 venturum
671 1339 701 1393 in
710 1354 794 1391 unum
805 1357 815 1399 ·‚

165 1436 260 1489 Vitam
269 1453 319 1489 oro
330 1455 337 1490 t
348 1436 431 1505 patiar
443 1437 566 1506 quemvis
577 1440 670 1490 durate
678 1437 807 1489 laborem.

167 1533 216 1586 Sin
224 1533 340 1602 aliquem
348 1534 484 1587 infandum
492 1533 598 1596 casum,
612 1534 747 1595 Fortuna,
760 1530 890 1591 minaria

168 1631 246 1681 Nunc
255 1628 290 1692 ὃ,
301 1644 371 1681 nunc
380 1631 457 1685 liceat
466 1630 598 1683 crudelem
607 1631 761 1697 abrumpere
770 1627 872 1692 vitam,

117 1730 166 1796 580
174 1728 247 1779 Dum
257 1743 324 1779 cutae
334 1725 479 1796 ambiguae,
492 1729 554 1779 dum
565 1726 624 1797 spes
635 1726 734 1781 incerta
742 1725 840 1784 funum

169 1806 244 1881 Dum
254 1839 280 1877 te
290 1863 298 1887 ,
313 1841 372 1878 cate
383 1841 467 1893 puer,
481 1839 541 1877 mea
549 1824 606 1876 sera
616 1823 643 1875 δι
651 1823 707 1876 sola
716 1824 864 1890 voluptas,

170 1921 324 1989 Complexu
333 1935 429 1975 teneo:
442 1920 595 1993 graviorne
605 1919 714 1974 nuntius
726 1935 805 1973 aures
912 1954 915 1960 -

170 2018 311 2073 Vulnerat.
322 2019 386 2072 Haee
397 2017 503 2090 genitor
511 2015 623 2088 digteffu
634 2016 701 2070 dicia
710 2016 835 2085 supremo

172 2117 321 2170 fundebat:
333 2116 425 2170 famuli
435 2116 581 2184 collapsum
592 2114 621 2167 in
633 2114 700 2167 teiln
710 2114 837 2169 fetebant.

121 2219 168 2284 585
207 2214 221 2268 J
224 2230 319 2283 amque
330 2215 395 2266 adeo
407 2213 509 2266 exierat
520 2213 607 2281 portis
618 2211 751 2281 equitatus
762 2207 872 2278 apertis.

174 2311 269 2365 AEneas
280 2311 349 2366 inter
361 2311 463 2380 primos
476 2308 581 2363 &fidus
592 2309 722 2362 Achates:

146 2476 149 2483 γ
173 2409 238 2462 Inde
246 2408 292 2462 alii
301 2406 390 2473 Troiae
401 2422 525 2475 proceres
537 2425 544 2458 t
557 2404 613 2474 ipse
624 2403 729 2474 agmine
741 2403 824 2455 Pallas

174 2510 206 2563 In
218 2505 307 2558 medio
320 2543 327 2568 ,
340 2504 478 2572 chlamyde
491 2503 518 2554 δι
526 2499 605 2570 piffls
614 2499 770 2569 conspedius
779 2499 809 2551 in
818 2496 915 2551 armite

177 2602 271 2671 Qualis
281 2600 327 2653 ubi
340 2599 443 2659 Oceani
456 2599 576 2668 perfusus
585 2598 690 2650 Lucifer
702 2595 789 2659 undd,

125 2719 175 2773 590
183 2703 273 2769 Quem
281 2699 375 2751 Venus
385 2710 445 2751 ante
454 2697 523 2749 alios
533 2694 660 2748 astrorum
672 2692 760 2763 diligit
768 2692 863 2762 ignee,

178 2798 280 2851 Exmlit
292 2813 323 2848 os
333 2794 434 2849 sacrum
442 2795 533 2857 coelo,
545 2792 715 2861 tenebrasque
726 2788 849 2842 resolvit.
912 2836 914 2841 ,

139 2956 144 2963 ,
178 2897 257 2959 §tent
266 2891 368 2964 pavide
378 2891 409 2946 in
417 2890 500 2947 munis
509 2902 622 2957 matres,
631 2885 767 2959 oculisque
776 2885 923 2957 sequunnu·
