2017 3692
190 191 266 322 198
382 210 725 296 AEuurvos

185 374 295 429 Viribus
307 375 376 429 haud
387 374 449 430 ullis
458 377 546 431 valuit
557 378 700 432 discludere
710 376 817 432 morsus

185 471 302 526 Roboris
312 472 418 528 AEneae.
431 475 505 527 Dum
517 473 612 528 nititur
624 491 698 539 acet,
712 476 738 528 δι
750 472 844 538 instar,

186 570 286 635 Rursus
299 570 328 624 in
339 572 436 644 auriga
445 573 541 627 faciem
552 587 653 626 mutata
664 572 772 626 Metisci

130 659 181 725 785
192 667 348 734 Procurrir,
364 669 491 740 fratrique
506 671 597 724 ensem
613 672 673 724 Dea
687 668 794 723 Daunia
805 667 899 723 reddit.

186 765 270 833 Quod
281 768 374 822 Venus
388 769 479 822 audaci
491 769 626 840 Nymphae
637 769 774 839 indignata
784 766 887 831 licere,
900 805 903 809 -

187 863 318 931 Acceffir,
333 869 469 941 telumque
481 870 534 921 alra
544 869 575 921 ab
589 867 675 920 radice
687 865 804 921 revellit.
870 922 873 928 ,
889 899 891 908 1

189 963 249 1017 Olli
259 964 385 1019 sublimes
397 965 477 1018 armis
492 1005 501 1030 ,
517 965 664 1035 animisque
674 964 783 1029 refedii,

190 1060 242 1114 Hic
254 1062 342 1132 gladio
357 1060 442 1116 fidene
452 1101 461 1127 ,
472 1062 518 1114 hic
532 1078 592 1115 acer
605 1063 632 1116 δι
646 1062 740 1114 arduus
752 1058 822 1113 hasti
835 1099 845 1124 ‚

135 1165 188 1216 790
194 1157 326 1212 Adlistuut
336 1159 447 1223 contri,
463 1158 609 1212 certamine
619 1156 715 1211 Martis
725 1145 824 1211 anheli.

226 1256 362 1311 lunonem
372 1255 475 1337 interea
483 1257 545 1310 Rex
556 1253 751 1326 omnipotentis
762 1253 882 1325 Olympi

190 1355 368 1424 Alloquitur,
384 1355 459 1408 fulva
473 1370 576 1425 pugnae
587 1355 621 1408 de
631 1354 701 1407 nube
710 1366 843 1407 tuentem.

192 1454 260 1520 Quae
270 1450 396 1519 iamfinis
407 1451 477 1516 erit,
493 1449 614 1518 conjux?
626 1450 691 1521 quid
701 1449 817 1521 denique
826 1448 927 1505 restat?

192 1550 341 1620 Indigetem
349 1548 453 1601 AEnean
461 1548 512 1601 scie
522 1548 579 1617 ipsa
591 1548 619 1600 δι
627 1547 693 1600 scire
702 1545 793 1601 fateris

137 1656 187 1709 795
197 1646 297 1700 Deberi
308 1647 399 1708 coelo,
414 1644 526 1714 fatisque
537 1646 569 1698 ad
580 1644 661 1699 lidera
671 1644 742 1700 tolli.
858 1679 865 1694 .

195 1743 269 1809 Quid
277 1741 371 1795 struis?
382 1756 426 1795 aut
436 1741 488 1812 qud
501 1742 547 1811 spe
558 1740 652 1811 gelidis
663 1740 692 1793 in
701 1739 910 1797 nubibus-haeres
917 1743 936 1795 ,²-

195 1839 334 1894 Mottalin‘
347 1840 435 1894 decuit
442 1838 543 1893 violari
552 1840 664 1893 vulnere
672 1839 799 1893 Divum?

195 1938 249 1991 Aut
260 1939 350 1991 ensem
359 1939 369 2003 (
379 1937 444 2007 quid
453 1936 528 1990 enim
537 1936 591 1989 line
599 1950 627 1989 te
636 1936 748 1991 Iuturna
755 1937 861 1989 valeret
870 1937 900 2006 i)
931 1971 936 1982 ι

195 2035 321 2103 Ereptum
332 2035 405 2086 reddi
416 2034 529 2097 Turno,
543 2031 638 2086 &uim
649 2033 764 2086 crescere
775 2031 878 2087 vistis?

135 2130 298 2184 'SooDeline
308 2129 361 2197 jam
371 2131 494 2194 tandem,
507 2128 827 2199 precibusque·infleuere
836 2128 948 2189 nostrirt

197 2232 254 2285 Nee
263 2243 290 2283 te
299 2243 387 2281 tantus
397 2229 456 2281 edat
467 2228 574 2280 tacitam
585 2229 682 2288 dolon
695 2227 721 2278 δι
730 2226 798 2279 mihi
807 2244 879 2281 curre

197 2331 273 2396 Saepe
283 2342 332 2380 ruo
342 2325 412 2379 dulci
421 2324 507 2379 tristes
517 2342 553 2379 ex
562 2341 610 2379 ore
620 2324 763 2379 recursenr.

198 2425 319 2478 Ventum
330 2427 363 2478 ad
373 2425 526 2494 supremum
539 2423 584 2478 est.
595 2422 686 2478 Terris
696 2421 796 2495 agitare
803 2426 852 2477 vel
861 2424 941 2478 undis

198 2521 333 2589 Troianos
343 2522 471 2592 potuisti,
484 2521 622 2576 infandum
631 2522 772 2575 accendere
780 2521 904 2587 bellum,

143 2618 194 2688 θος
204 2622 363 2676 Deformare
375 2622 504 2685 domum,
522 2622 548 2673 δι
559 2619 632 2674 ludu
641 2620 752 2673 miscete
761 2620 935 2692 hymenaeos.

131 2763 135 2770 ,
200 2719 320 2775 Ulterius
331 2731 434 2772 tentate
443 2733 520 2772 veto.
530 2717 688 2786 SicJupirer
697 2716 789 2771 orsus:

200 2819 245 2874 Sic
257 2820 316 2872 Dea
332 2814 457 2869 submill'o
468 2815 562 2870 contri
574 2813 696 2870 Saturnia
707 2815 804 2868 vultu:

200 2915 251 2974 Iste
261 2913 370 2987 quidem
382 2912 445 2986 quia
456 2912 597 2967 notamini
607 2927 653 2966 tua
662 2949 671 2977 ‚
681 2927 776 2982 magne
786 2950 795 2975 ‚
804 2913 953 2980 voluntat,
