2017 3692
300 212 553 296 Liuii
598 209 686 295 XI.
781 218 854 325 163

111 384 149 437 Ac
158 385 236 438 velut
244 382 305 448 ille,
317 382 471 453 priusquam
482 386 535 437 tela
544 383 652 438 inimica
664 385 820 453 sequantur,

111 479 251 534 Continuo
263 480 292 533 in
303 495 409 535 montes
420 481 474 534 sese
486 481 563 534 avius
576 480 676 534 mdidit
684 482 772 546 altos,
857 479 918 534 810*

110 577 210 631 Occiso
221 579 340 649 pastore,
352 581 432 649 lupus
444 619 452 645 ,
466 594 600 651 magnove
608 577 741 645 iuvenco,

107 677 239 731 Conscius
250 678 354 732 audacis
363 677 443 739 sacli3
456 680 618 748 caudamque
629 679 777 730 remulcens

107 773 226 842 subiecit
237 777 403 845 pavitantem
413 791 492 848 utero
503 817 511 841 ‚
529 777 670 848 sylvasque
680 774 797 844 petivit:

106 874 186 926 Haud
197 874 269 927 secus
282 891 317 926 ex
330 873 416 928 oculis
428 874 455 928 se
466 873 585 927 turbidus
597 872 700 927 abllulir
709 873 815 937 Aruns,

105 972 309 1041 contentusque
317 971 378 1043 fugi
390 972 484 1025 mediis
497 972 524 1025 se
534 970 679 1025 immiscuit
688 970 777 1023 armis.
853 972 904 1041 815

140 1070 191 1122 Illa
202 1085 283 1121 manu
291 1068 410 1123 moriens
423 1059 509 1122 telum'
517 1069 599 1122 trahit
611 1087 620 1130 ·,
634 1067 689 1122 offa
699 1068 746 1121 'sed
754 1068 824 1121 inter

103 1165 215 1220 Ferreus
224 1166 256 1218 ad
267 1163 350 1219 colias
361 1169 416 1221 alto
425 1165 473 1219 stat
483 1168 595 1220 vulnere
607 1180 710 1222 mucro.

100 1262 210 1317 Labitur
219 1263 377 1335 exsanguis,
392 1264 516 1318 labuntur
526 1263 621 1335 frigida
629 1266 703 1318 letbo
718 1288 728 1301 2

100 1360 215 1414 Lumina
227 1379 234 1414 :
246 1377 393 1431 purpureus
403 1361 538 1430 quondam
547 1360 624 1414 color
632 1375 681 1413 ora
691 1358 809 1430 reliquit.

99 1462 172 1515 Tum
181 1458 216 1513 sic
226 1458 376 1529 exspirans,
388 1457 486 1511 Accam
498 1474 534 1511 ex
545 1456 689 1528 equalibus
699 1470 780 1509 uuam
849 1463 904 1518 820
957 1490 960 1495 ·

97 1556 254 1628 Alloquitur
266 1597 274 1621 ‚
293 1555 345 1610 fida
358 1569 419 1609 ante
430 1555 494 1608 alias
504 1571 564 1625 quae
573 1553 630 1607 sola
642 1552 780 1619 Camilla,

96 1656 215 1722 Quicum
225 1653 318 1723 partiri
327 1670 401 1707 curas
411 1671 420 1714 3
432 1667 511 1723 atque
522 1653 579 1706 hac
588 1652 625 1704 ita
635 1652 722 1706 latur:

96 1751 423 1817 Haclenus‚Accasoror‚
436 1750 842 1820 potui3uuncvuluusacerbum
903 1755 907 1761 '

95 1846 215 1903 conficit
226 1889 233 1912 ‚
247 1847 398 1902 &tenebris
408 1846 559 1918 nigrescunt
569 1846 659 1900 omnia
670 1846 787 1902 circium..

93 1945 204 2017 Effuge,
218 1946 245 2000 bt
255 1945 313 2000 hec
323 1946 416 1999 Turno
428 1947 549 1999 mandata
560 1943 701 2026 noviffima
712 1947 799 2016 perfer
809 1967 816 2002 t
843 1938 893 2021 825

92 2045 221 2098 Succedat
231 2060 326 2114 pugna
337 2084 345 2110 ‚
357 2040 541 2113 Troianosque
550 2059 636 2097 arceat
646 2045 719 2099 urbe.

91 2144 204 2212 Jamque
213 2144 284 2195 vale.
294 2140 379 2194 Simul
390 2140 433 2194 hir
446 2140 522 2195 dislis
534 2142 669 2212 linquebat
679 2143 792 2198 habenas
804 2163 813 2206 3

91 2242 134 2294 Aa
142 2236 241 2294 terram
250 2257 306 2294 non
315 2240 410 2308 sponte
419 2238 504 2294 fluens
516 2259 522 2293 :
535 2254 593 2292 tum
601 2240 696 2312 frigida
705 2255 765 2296 toto

90 2337 221 2392 Paulatim
230 2336 348 2390 exsolvit
357 2336 384 2389 se
396 2352 509 2404 corpore
522 2376 530 2402 ,
541 2338 665 2406 lentaque
676 2340 745 2392 colla

89 2437 123 2489 Et
135 2450 241 2505 captum
252 2435 327 2488 letho
339 2432 430 2502 posuit
438 2446 538 2502 caput,
554 2451 625 2491 arma
636 2434 807 2505 relinquens3
837 2440 891 2510 830

88 2533 209 2603 Vitaque
220 2549 280 2586 curn
294 2531 396 2604 gemitu
406 2528 474 2603 sugit
484 2531 618 2603 indignata
627 2533 673 2586 sub
682 2535 797 2591 umbras.

88 2632 160 2684 Turn
169 2629 237 2684 vero
246 2631 390 2684 immensus
400 2629 507 2700 surgens
516 2629 578 2685 serit
589 2647 667 2684 aurea
677 2634 779 2687 clamor

88 2730 179 2788 Sidera
192 2747 199 2781 z
211 2725 310 2795 dejeffl
320 2725 447 2782 crudescit
456 2742 544 2796 pugna
555 2727 675 2782 Camilli.
728 2750 730 2755 ’

86 2829 226 2880 Incurrunt
239 2825 309 2878 densr
321 2825 396 2879 fimul
410 2824 498 2877 omnis
508 2825 587 2894 copia
598 2826 748 2894 Teucrbm,

86 2917 308 2998 Tyrrhenumque
318 2920 592 3008 duces‚Evandrique
601 2921 710 2978 Arcadis
720 2927 779 2982 ala.
830 2933 881 3006 835
