2017 3692
285 215 547 295 Culex.
725 238 798 321 ιη

53 376 87 429 Er
96 374 171 446 qubd
181 382 239 430 erar
250 378 339 430 tardus
350 417 358 441 ‚
371 377 447 448 omni
458 380 587 447 languore
598 387 724 440 remoto,

53 455 167 525 Nescius
178 512 186 537 ‚
199 473 329 541 aspiciens
340 513 348 539 ‚
368 474 451 527 timor
461 476 642 528 obcecaverat
653 487 724 526 artus
735 490 743 526 e
798 482 800 486 ’

54 571 118 622 Hoc
130 570 220 624 minus
232 571 366 640 implicuit
375 572 432 625 diri
440 573 585 625 formidine
597 586 725 625 mentem.

55 667 148 733 Quem
158 666 297 737 postquam
305 667 375 722 vidit
384 669 480 722 cresum
489 668 657 738 languescere
667 707 675 732 ,
692 666 768 720 sedit.
807 682 864 724 200

55 763 119 817 Janr
128 762 213 833 quatit
221 803 228 828 ‚
240 765 267 817 δι
275 764 378 836 bijuges
388 766 478 819 oriens
487 767 573 818 Erebo
583 764 621 818 cit
630 780 715 834 equos
724 765 789 816 Nox
795 795 807 829 -,

58 860 93 914 Ει
102 859 179 930 piger
191 875 284 914 aurato
295 863 417 932 procedit
428 864 533 932 Vesper
544 865 575 916 ab
587 862 662 915 OEta:

60 960 132 1010 Cum
143 973 224 1027 grege
232 960 372 1027 compulso
382 958 470 1028 pastor
479 958 673 1028 duplicantibus
683 956 782 1010 umbris

58 1054 144 1107 Vadit
155 1092 163 1119 ,
176 1054 241 1107 &in
249 1054 328 1108 feffos
338 1056 458 1128 requiem
470 1057 532 1109 dare
544 1068 681 1124 comparat
691 1070 772 1109 artus.

62 1150 146 1217 Cujus
157 1165 188 1203 ut
197 1151 308 1206 intravit
318 1154 409 1206 levior
417 1169 465 1222 per
474 1169 588 1221 corpora
600 1152 727 1218 somnus,
813 1167 863 1220 205

61 1249 250 1320 Languidaque
259 1249 344 1304 effuso
355 1250 510 1320 requierrmt
519 1251 637 1302 membra
646 1250 744 1320 sopore
753 1270 762 1311 3

62 1348 169 1418 Effigies
182 1350 284 1401 adeum
295 1347 515 1402 Culicisdevenit
527 1366 534 1402 ε
544 1347 630 1400 &illi

62 1443 157 1498 Tristis
168 1445 200 1497 ab
209 1459 308 1498 eventu
320 1444 418 1498 cecinit
429 1443 551 1498 convitia
559 1442 665 1497 mortis.

63 1541 172 1611 lnquit:
185 1542 249 1611 quid
259 1542 388 1606 meritus,
406 1544 438 1595 ad
450 1558 509 1611 que
520 1542 622 1594 delatus
632 1541 738 1594 acerbas
804 1521 812 1524 μ

65 1642 160 1709 Cogor
171 1639 241 1690 adire
252 1639 327 1692 vices
337 1641 348 1693 ?
358 1654 404 1692 tua
414 1641 478 1692 dum
490 1637 558 1691 mibi
569 1637 656 1690 carior
667 1635 724 1707 ipse
799 1651 801 1659 ⁸
817 1650 872 1689 210
924 1687 926 1691 .

65 1734 132 1790 Vita
142 1734 194 1788 fuit
202 1725 260 1786 uiri
272 1773 281 1799 ,
293 1734 384 1804 rapior
395 1751 443 1804 per
455 1734 544 1787 inania
553 1735 661 1789 ventis:

64 1834 108 1886 Tu
117 1835 206 1885 lentus
215 1833 323 1886 refoves
331 1832 445 1899 jucundi
454 1833 672 1903 membraquiete

64 1921 179 2000 Ereptua
188 1931 265 1984 terris
277 1918 292 1984 e
304 1932 419 1985 cladibus
431 1950 439 1984 ε
453 1946 480 1984 at
491 1948 552 1985 mea
563 1932 658 1985 Manes
702 1957 706 1963 ·

65 2027 179 2082 Viscera
187 2029 306 2081 Lethaeas
318 2041 419 2099 cogunt
427 2043 531 2082 tranare
542 2044 591 2097 pet
598 2024 691 2081 undas.

66 2125 158 2178 Praeda
171 2124 313 2178 Charontis
324 2141 389 2194 agor
401 2143 408 2178 ε
418 2124 540 2178 viden'ut
548 2124 686 2196 flagrantia
695 2123 770 2180 raedis
818 2134 869 2187 215

65 2221 186 2276 Lumine
192 2223 325 2274 collucent
333 2221 433 2275 infestis
443 2222 536 2275 omnia
545 2222 671 2289 templis?

68 2318 163 2373 Obvia
171 2317 317 2387 Tisiphone
326 2306 491 2387 serpentibus
500 2317 618 2387 undique
627 2332 734 2384 comta,

66 2417 102 2468 Et
114 2414 237 2467 flammas
249 2415 277 2467 δι
287 2415 357 2467 sceva
366 2413 530 2484 qrraritmihi
541 2415 652 2467 verbera
663 2431 761 2484 poena.

68 2499 241 2566 Cerberus&
249 2513 313 2565 diris
322 2512 583 2584 flagrans‘latratibus
595 2530 657 2578 ora,
687 2559 691 2564 .
712 2543 716 2548 >
800 2539 803 2544 Α

67 2610 211 2682 Anguibus
219 2609 282 2663 binc
290 2626 369 2681 atque
377 2610 440 2663 hinc
448 2613 559 2663 horrent
565 2611 608 2663 cui
617 2614 686 2664 colla
696 2609 802 2664 reflexis
811 2629 877 2676 ‚220

69 2706 271 2778 Sanguineique
281 2707 381 2760 micanr
388 2708 509 2760 ardorem
518 2706 628 2760 luminis
638 2709 726 2767 orbes.

68 2807 134 2859 Heu
146 2808 153 2859 Ξ
165 2804 230 2874 quic
238 2805 270 2856 ab
280 2795 370 2859 officio
380 2800 536 2872 digrefl'aest
547 2792 629 2872 gratia
640 2843 648 2868 ‚
663 2805 723 2858 crim
732 2819 759 2858 te

69 2901 189 2958 Restitui
200 2900 302 2971 superb
310 2901 377 2972 bethi
385 2900 440 2969 iam
448 2899 543 2955 lituine
554 2900 671 2969 abipso?
