2017 3692
312 266 724 355 LruanVII.
816 297 861 353 ιι

7 486 9 509 ξ
122 433 253 491 fluminis
262 434 375 490 intrastis
387 435 476 505 ripas,
488 448 622 505 portuque
631 429 746 485 sedetisr

7 540 8 543 ’
120 536 164 588 Ne
172 533 256 606 firgite
265 534 426 604 hospitium,
436 551 506 588 neve
518 534 640 604 ignorate
651 529 762 584 Latinos

121 632 229 687 Saturni
240 646 347 704 gentem
359 632 445 701 ,haud
455 631 550 684 vinclo
561 645 610 683 nec
620 626 723 699 legibus
735 639 856 694 aquarn,

121 730 226 799 Sponte
236 730 299 796 sud,
318 728 469 798 veterisque
479 727 534 781 Dei
543 727 570 779 se
580 742 656 778 more
665 737 811 777 tenentem.

123 829 213 899 Atque
225 827 347 897 equidem
357 825 468 879 memini
479 825 568 894 (fama
577 818 858 888 estobscuriorannis)
871 826 920 879 205

122 927 264 978 Auruncos
276 925 313 978 ita
321 924 388 978 ferre
400 925 474 977 senes
484 941 493 984 ·,
509 922 552 976 his
563 936 639 976 ortus
649 935 681 973 ut
691 918 761 996 agris

124 1023 265 1076 Dardanus
274 1023 354 1076 Idaeas
363 1022 486 1093 Phrygia
497 1019 643 1090 penetrarit
651 1019 684 1071 ad
693 1016 787 1097 urbes,
1000 990 1004 1021 ⁴

123 1118 327 1190 Threiciamque
332 1121 511 1188 Samum‚quae
516 1134 586 1171 nunc
592 1114 771 1169 Samothracia
777 1114 869 1167 fertur.

125 1216 197 1270 Hinc
208 1216 287 1270 illum
297 1215 413 1287 Corythi
422 1216 562 1286 Tyrrhena
570 1216 601 1267 ab
610 1214 670 1268 sede
678 1211 827 1282 protectum

123 1316 212 1367 Aurea
222 1329 293 1367 nunc
306 1311 376 1366 solio
386 1309 513 1365 stellantis
524 1310 597 1383 regia
607 1310 671 1363 coeli
872 1318 926 1359 210

124 1410 230 1480 Accipit
242 1450 251 1476 ,
269 1411 296 1463 ἀ
308 1427 421 1463 nurnero
429 1392 567 1463 Diuorum
579 1407 702 1461 altaribus
716 1405 797 1460 addit.

161 1508 277 1562 Dixerat
286 1526 296 1569 ς
306 1510 333 1561 δι
342 1505 411 1561 dieta
418 1506 538 1560 Ilioneus
547 1505 582 1558 fic
590 1521 660 1558 voce
668 1504 787 1557 secutus:

125 1605 204 1670 Rex,
217 1619 300 1675 genus
309 1603 446 1675 egregium
454 1602 539 1656 Fanni
548 1622 557 1664 ·,
566 1612 619 1654 nec
628 1598 750 1653 fluffihus
760 1598 833 1652 ador

125 1703 189 1754 Atra
199 1699 300 1771 subegit
308 1700 405 1771 hyems
416 1698 511 1753 vestris
522 1699 659 1752 succedere
667 1697 760 1757 terrm

124 1799 181 1852 Nec
196 1797 265 1852 sidus
278 1798 389 1869 regione
399 1797 453 1851 viae
463 1796 573 1850 lirmnre
584 1796 688 1853 refellit.
873 1810 923 1865 ιιι

127 1893 248 1947 Consilio
260 1894 327 1947 hanc
337 1909 432 1945 omnes
442 1892 590 1962 animisque
598 1890 752 1945 rodentibus
760 1891 852 1943 urbem

127 1990 290 2051 Afferimur3
304 1989 372 2060 pulfi
382 1990 489 2060 regnis¹
502 2002 562 2059 qnae
573 1989 690 2042 maxima
701 1988 837 2057 quondam

34 2106 37 2112 ’
127 2089 256 2141 Extremo
265 2086 378 2140 veniens
390 2086 437 2138 Sol
448 2084 589 2154 aspiciebat
600 2085 734 2155 Olympo.

126 2184 168 2237 Ab
176 2185 248 2238 Jove
258 2182 421 2253 principium
431 2183 550 2254 generis,
561 2180 632 2237 Jove
641 2183 763 2236 Dardana
771 2183 855 2251 pubes

127 2279 235 2335 Gaudet
245 2298 316 2334 avo:
329 2282 390 2335 Rex
398 2280 454 2350 ipse
462 2282 476 2335 J
479 2282 542 2334 ovis
551 2282 584 2334 de
593 2292 671 2351 gente
683 2282 821 2350 suprema,
875 2298 930 2338 220

128 2378 228 2433 Troius
239 2378 338 2433 AEneas
349 2393 395 2433 tua
405 2396 457 2432 nos
469 2381 501 2432 ad
512 2378 606 2432 limina
614 2377 694 2433 misit.

129 2477 238 2544 Quanta
247 2491 295 2545 per
303 2476 388 2529 idaeos
398 2473 476 2529 savis
485 2470 567 2527 effusa
576 2474 703 2545 Mycenis

128 2571 283 2643 Tempestas
293 2572 355 2627 ierit
363 2588 490 2641 campos,
508 2572 602 2641 qtfibus
612 2572 684 2626 auus
694 2586 808 2644 uterque

128 2673 243 2741 Europa
252 2683 331 2740 arque
340 2668 407 2723 Aria
415 2666 476 2723 fatis
486 2667 649 2722 concurrerit
657 2668 748 2735 orbis,

130 2770 241 2833 Audiit,
255 2768 402 2838 &siquem
411 2762 490 2820 telius
500 2782 621 2821 extrema
631 2767 720 2821 retuso
877 2788 928 2845 225

129 2868 280 2921 Submovet
290 2865 402 2920 Oceano
413 2905 421 2929 ‚
434 2865 491 2919 &fi
504 2880 584 2934 quem
595 2879 702 2919 extenta
711 2868 848 2937 plagarum

131 2965 256 3031 Quamor
265 2968 295 3017 in
303 2963 393 3022 medio
403 2963 503 3021 dirimit
512 2966 588 3036 plaga
597 2964 661 3020 solis
672 2964 767 3033 iniqui.

701 3064 726 3115 A
742 3060 778 3128 vj.
