2017 3692
246 212 561 295 ·C1nzr.
718 240 799 325 239

51 380 102 435 ma
112 382 165 451 ego
175 378 253 443 sum,
268 376 363 431 Minos
373 416 382 444 ,
394 377 495 432 sacrato
504 377 606 432 foedere
615 374 735 446 coniunx

50 477 132 531 Dina
141 477 190 529 tibi
200 494 210 535 3
221 489 312 528 tamen
319 476 393 540 hee,
411 475 467 529 &ti
478 492 535 529 non
544 478 659 546 accipis,
669 480 754 534 audis.

51 575 254 630 vinearetum
267 572 356 644 magni
367 576 477 627 tranabo
489 573 603 644 gurgitis
614 576 716 630 undas?
804 579 862 633 420

52 672 153 727 Vindia
163 688 206 725 tot
215 670 325 725 nffiduas
335 673 456 739 pendebo
467 688 504 725 ex
514 672 609 726 ordine
617 674 690 726 luces
700 673 712 727 d

53 771 119 826 Non
131 770 255 840 equidem
267 786 311 823 me
323 771 377 823 alio
390 769 494 839 polium
505 773 666 825 contendere
679 772 787 840 dignam

53 868 195 939 supplicio
206 887 212 922 z
226 869 299 937 quod
308 867 343 920 fic
352 867 465 935 patriam
476 867 602 936 carosque
612 867 724 921 Penates

55 966 183 1021 Hostibus
195 1004 203 1029 ,
215 965 367 1035 immitique
376 966 466 1018 addixi
476 966 567 1036 ignara
578 981 706 1036 tyranno.

57 1065 163 1118 Verum
174 1062 247 1115 esto:
258 1064 329 1125 hec.
343 1063 453 1127 Minos,
465 1063 528 1117 ilios
537 1064 662 1117 scelerato
673 1060 783 1132 putavi,
808 1072 860 1127 425

56 1162 86 1217 Si
95 1160 184 1215 nostra
194 1175 256 1212 ante
267 1158 363 1228 aliquis
375 1158 492 1211 nudaffet
501 1160 602 1214 foedera
613 1161 687 1214 casus
697 1198 706 1225 ‚

57 1258 204 1313 tacturos:
217 1273 331 1327 quornm
343 1257 454 1326 direptis
465 1257 599 1309 moenibus
611 1257 698 1323 urbis,

60 1357 88 1413 O
99 1374 152 1429 ego
162 1355 275 1409 erudelis
287 1394 296 1417 ,
306 1355 414 1409 flammi
426 1357 533 1408 delubra
545 1355 645 1423 petivit

62 1456 104 1509 Te
116 1452 185 1508 veto
194 1453 298 1507 vistote
309 1456 383 1523 priris
394 1457 440 1508 vel
451 1453 533 1507 fidere
543 1454 633 1508 cursus

62 1553 664 1622 Mutatutasuos,quimtemihitnlitcaptae
812 1564 869 1620 430

60 1651 201 1707 tantumn
213 1651 316 1704 metui:
328 1650 383 1716 jam
391 1649 445 1715 iam
458 1651 541 1703 scelus
554 1651 646 1703 omnia
658 1646 754 1705 vincit.

60 1750 181 1820 Ten’ego
192 1751 253 1818 plus
264 1750 352 1818 patrio
363 1748 447 1801 dilexi
458 1748 561 1817 perdita
569 1751 676 1819 regno?

61 1849 183 1919 Ten'ego
194 1850 205 1901 ἒ
217 1863 266 1901 nec
275 1849 373 1900 mitum
384 1886 392 1910 ‚
402 1849 481 1899 vultu
490 1849 599 1916 decepta
609 1848 698 1915 puella

66 1933 107 2001 Ut
117 1945 176 1999 vidi
189 1983 197 2009 ,
213 1961 244 1998 ut
253 1945 321 2014 perii
332 1984 339 2009 ‚
350 1960 381 1998 ut
392 1960 436 1997 me
445 1947 530 1997 malus
539 1945 643 1999 abstulit
650 1949 744 2012 error!

64 2048 132 2099 Non
142 2043 268 2113 equidem
276 2060 313 2096 ex
322 2042 372 2096 isto
382 2044 487 2112 speravi
497 2060 612 2114 corpote
621 2044 696 2115 poffe
816 2056 868 2114 435

63 2144 130 2197 Tale
142 2145 242 2195 malum
252 2140 323 2195 nasci
336 2161 344 2194 z
356 2143 457 2206 forma,
469 2144 515 2196 vel
524 2143 606 2197 fidere
617 2144 705 2199 fallor.

64 2242 131 2294 Non
141 2254 185 2291 me
194 2238 298 2291 deliciis
309 2239 462 2292 commovit
473 2241 546 2311 regia
555 2241 631 2293 dives

67 2336 181 2391 coratio
191 2335 298 2406 fragili,
313 2352 344 2389 ac
358 2337 458 2390 elediro
470 2337 643 2407 lacrymosot

64 2436 115 2489 Me
127 2450 186 2487 non
194 2432 322 2485 florentes
331 2433 427 2501 equali
436 2449 551 2502 corpote
561 2435 714 2505 Nympha,

65 2535 133 2586 Non
142 2546 231 2586 metus
240 2530 373 2582 incensam
383 2530 474 2599 potuit
485 2531 599 2585 retinete
611 2533 742 2588 Deorum.
817 2550 875 2602 440

67 2630 173 2685 Omnia
182 2629 270 2683 vineit
278 2645 371 2683 arnor:
384 2629 448 2700 quid
456 2630 530 2683 enirn
540 2647 597 2684 non
604 2631 726 2685 vinceret
735 2631 800 2686 ille?

68 2729 128 2781 Nec
139 2727 207 2780 milti
217 2726 271 2793 iam
280 2727 375 2798 pingui
385 2728 514 2781 sudabunt
522 2742 644 2798 tempora
655 2731 763 2800 myrrha
774 2769 783 2798 ,

69 2824 196 2880 Pronuba
206 2840 256 2878 nec
265 2825 348 2878 astos
357 2827 482 2880 tenendet
489 2825 570 2895 pinus
579 2829 676 2881 odoret
686 2866 696 2894 ,

70 2923 131 2979 Nec
140 2922 225 2994 Libye
233 2921 343 2995 Affyde
351 2922 481 2981 donetur
491 2923 698 2982 leffium-otho.
