2017 3692
209 211 288 307 282
431 220 730 307 Mirm

206 390 282 443 Talia
297 388 439 456 jacientem
450 389 622 443 circumstetit
633 406 712 443 autea
727 405 828 455 mater,

204 486 238 539 Se
251 488 385 541 Venerem
398 487 513 541 confessa
524 527 532 551 ,
544 491 616 541 almo
629 488 655 540 δι
664 487 700 540 sic
708 488 792 540 edidit
801 505 868 541 ore:

245 582 345 648 Gnate,
351 585 443 638 animo
449 601 522 655 pone
527 585 595 638 hanc
600 584 729 648 curanu&
737 583 851 636 meliora
856 579 949 652 capelle

204 681 285 753 Signa
295 683 385 735 Deum
395 722 403 748 ,
413 681 580 753 gaudensque
588 681 668 736 bonis
677 682 786 736 succede
795 682 908 735 sumtis:

203 780 282 833 Nunc
291 778 339 832 tibi
346 794 420 849 parta
430 779 516 849 quies,
523 794 594 833 nunc
600 792 671 832 meta
676 793 797 832 extrema
804 782 947 832 malorumr

203 878 282 929 Nunc
290 878 396 929 tandem
409 891 529 946 optatam
539 889 707 945 componunt
717 876 805 929 secula
814 893 916 945 pacem.

202 976 260 1027 Nec
271 973 405 1027 flammam
417 976 449 1028 ad
459 977 545 1028 coelos
558 977 686 1043 perlatam
695 990 711 1028 e
719 974 824 1028 vertice
835 991 899 1028 carae

204 1070 333 1143 Coniugis
342 1073 464 1126 horresce
474 1093 481 1126 z
493 1088 521 1126 at
533 1072 696 1127 constantem
707 1072 792 1143 dirige
801 1088 926 1125 mentem.

201 1167 529 1237 Namqueetitilla‚tuum
536 1169 633 1223 celebri
640 1188 698 1239 quae
705 1170 832 1239 sanguine
839 1186 946 1233 nomen,

202 1263 388 1335 Troianosque
399 1265 507 1320 audura
518 1269 598 1320 duces
609 1268 642 1320 ad
658 1267 740 1320 fidera
750 1266 851 1322 mittet.

201 1363 267 1416 Haec
275 1362 325 1415 tibi
333 1363 518 1434 magnanimos
528 1363 635 1417 sublimi
644 1366 721 1432 prole
731 1377 846 1434 nepotes

203 1460 349 1523 Conferet,
361 1458 475 1531 egregiis
482 1474 576 1513 totum
587 1459 634 1531 qui
646 1460 766 1514 laudibus
778 1462 873 1514 orbem

184 1541 190 1547 ’
202 1558 383 1626 Complebunt
395 1596 403 1621 ‚
416 1572 558 1627 totumque
570 1555 615 1610 su‘d
627 1558 729 1610 virtute
739 1571 883 1626 potentes,

201 1655 255 1705 Sub
264 1652 343 1724 juga,
354 1654 524 1724 vidoresque
533 1655 638 1707 trahent
648 1673 655 1706 ι
667 1671 736 1723 quos
750 1654 840 1723 gloria
848 1656 948 1707 summo

201 1750 342 1804 Oceanum
354 1750 508 1822 transgressa
517 1752 611 1823 ingens
622 1752 735 1821 aequabit
746 1751 884 1822 Olympo.

201 1849 279 1914 Quos
288 1850 394 1902 tandem
405 1848 544 1903 innumera
553 1852 646 1903 ardens
656 1848 715 1918 post
726 1848 837 1902 illustria
845 1865 931 1903 rerum

200 1943 281 1998 Gesta
295 1948 372 2000 Deos
381 1946 479 2001 fatiura
490 1949 573 2001 veltet
583 1948 662 2017 super
670 1947 768 2025 ethera
777 1948 878 2002 virtus.

200 2044 276 2096 Hanc
285 2043 420 2119 flarnmam
428 2059 542 2098 ventura
550 2044 742 2114 tuaepraeconia
751 2045 841 2114 gentis

198 2141 344 2213 Defignant
352 2161 358 2196 z
366 2142 419 2196 hoc
428 2137 628 2212 omnipote‘nse
640 2141 755 2195 culmine
765 2142 870 2213 signum

198 2241 309 2295 sidereo
320 2242 392 2294 dedit
403 2260 409 2295 ι
420 2256 447 2295 at
458 2256 590 2294 tantarum
603 2241 631 2293 in
640 2257 750 2293 munere
761 2242 888 2306 laudum,

198 2340 288 2406 Quam
299 2337 408 2403 statuis,
422 2339 493 2391 dicas
505 2356 521 2391 a
532 2337 643 2391 nomine
655 2334 778 2406 conjugis
789 2338 895 2390 urbem-
943 2323 944 2326 Ἴ

198 2436 327 2490 Praetered
336 2438 423 2490 sacros
433 2436 516 2502 Troja
527 2453 563 2488 cx
574 2436 681 2489 ardente
692 2448 803 2503 penates

197 2537 310 2607 Ereptos
322 2549 456 2602 compone
465 2549 539 2585 nova
550 2533 620 2586 intra
629 2530 731 2583 moenia
743 2548 749 2582 :
765 2530 791 2582 δι
800 2531 875 2582 altos

195 2632 266 2685 Inser
276 2633 308 2685 ad
317 2645 445 2684 aeternum
455 2629 594 2682 mansuros
603 2643 709 2696 tempus
719 2627 850 2681 honores.

196 2730 234 2783 Hi
248 2729 258 2797 (
269 2729 318 2784 tibi
329 2727 397 2780 mira
405 2728 486 2781 leram
497 2729 508 2795 )
520 2741 595 2779 tanto
605 2725 677 2778 urbis
690 2733 782 2777 amore
791 2725 950 2789 trahenmr,

196 2829 235 2881 Ut
243 2824 315 2880 vesti
324 2826 356 2878 ad
365 2825 438 2878 sedes
449 2823 514 2876 alias
525 2863 533 2888 ‚
545 2824 606 2876 loca
614 2821 700 2891 prima
712 2819 801 2874 Larini

195 2921 353 2991 Spontesud
362 2934 498 2991 repetent5
515 2919 665 2991 iterumque
673 2917 827 2990 iterumque
836 2918 950 2975 reversi.
