2017 3692
300 144 553 284 Brenn
598 197 686 283 XI.
781 207 854 314 163

109 371 148 425 Ac
157 372 235 426 velut
244 369 305 436 ille,
318 370 470 441 priusquam
482 373 535 426 tela
544 370 652 426 inimica
664 374 820 442 sequantur,

109 467 251 522 Continuo
263 467 292 521 in
302 483 409 522 montes
419 469 474 522 sese
486 468 563 522 avius
576 468 674 522 abdidit
684 471 772 534 altos,
857 468 914 523 810

107 565 209 619 Occiso
221 566 339 636 pastore,
352 569 431 637 lupus
444 607 452 632 ‚
465 583 601 639 magnove
608 565 740 633 iuvenco,

105 664 239 718 Conscius
250 665 354 720 audacis
362 666 424 720 stili
434 685 443 727 3
455 668 618 736 caudamque
629 667 777 718 remulcens

105 761 226 829 Subiecit
236 765 402 833 pavitantem
413 779 510 837 utero,
528 765 670 836 sylvasque
680 763 797 833 petivit:

104 861 185 913 Haud
196 860 269 914 secus
281 879 316 914 ex
330 861 416 916 oculis
427 862 455 916 se
466 861 584 915 turbidus
596 860 700 915 abstulit
708 861 814 924 Aruns,

103 960 307 1029 contentusque
316 959 378 1031 fugi
389 960 484 1013 mediis
497 961 524 1014 se
533 959 679 1013 immiscuit
687 959 777 1013 armis.
852 961 903 1030 815

139 1057 190 1109 Illa
202 1072 282 1109 manu
291 1056 410 1111 moriens
422 1047 509 1110 telum'
517 1058 598 1110 trahit
611 1075 619 1118 3
634 1055 689 1110 offa
698 1057 745 1110 'sed
753 1056 823 1110 inter

101 1153 214 1206 Ferreus
223 1154 256 1206 ad
267 1151 350 1207 costas
360 1156 415 1208 alto
425 1153 473 1207 stat
482 1156 595 1209 vulnere
606 1168 709 1211 mucro.

98 1249 210 1304 Labitur
218 1251 377 1323 exsanguis,
391 1252 515 1306 labuntur
526 1251 620 1323 frigida
628 1254 703 1306 letho
718 1278 727 1291 a

98 1348 215 1401 Lumina
226 1367 233 1402 z
246 1365 392 1418 purpureus
403 1349 538 1418 quondam
547 1349 623 1402 color
631 1363 680 1401 ora
690 1347 808 1419 reliquit.

97 1449 171 1501 Tum
181 1445 215 1500 sic
225 1446 485 1516 exspiranc,Accam
497 1462 534 1499 ex
545 1444 688 1516 equalibus
698 1460 779 1498 unam
848 1452 903 1506 820
957 1478 959 1485 a

95 1543 273 1615 Alloquitur,
292 1542 344 1597 fida
357 1557 418 1596 ante
429 1543 493 1596 alias
504 1559 563 1613 quae
573 1542 629 1595 sola
641 1541 779 1608 Camilla,
849 1542 851 1547 ’

95 1643 214 1709 Quicum
225 1641 317 1710 partiri
326 1657 400 1694 curas
410 1658 419 1701 ·,
431 1655 510 1710 atque
521 1640 578 1693 haec
587 1640 624 1692 ita
634 1640 703 1694 satur
714 1659 721 1693 a

93 1738 322 1803 llaclenus‚.lcca
332 1739 422 1802 soror,
435 1737 529 1808 potui;
540 1754 610 1791 nunc
615 1739 713 1791 vulnus
720 1739 841 1792 acerbum
902 1744 907 1769 '-

93 1833 214 1890 conficit
225 1876 232 1899 ‚
246 1834 397 1888 &tenebris
407 1833 558 1906 nigrescunt
568 1835 658 1888 omnia
669 1835 786 1890 circium..

91 1933 203 2005 Effuge,
218 1933 244 1987 δι
254 1932 311 1987 hec
322 1933 416 1986 Turno
427 1934 548 1986 mandata
559 1931 700 1988 noviffima
711 1935 815 2004 perfer:
842 1927 892 2010 825

90 2033 220 2085 Succedat
230 2047 325 2101 pugnae
336 2071 344 2097 ,
356 2028 541 2100 Troianosque
549 2008 636 2084 arceat
646 2033 718 2087 urbe.

89 2131 204 2200 Jamque
212 2131 283 2182 vale.
293 2128 378 2182 Simul
389 2128 432 2181 his
445 2127 521 2182 diuis
533 2129 791 2200 linquebathabenas
803 2151 812 2194 3

89 2230 132 2282 Ad
140 2224 240 2282 terram
249 2244 305 2281 non
314 2227 409 2296 sponte
418 2225 504 2281 fluens
515 2247 521 2280 τ
534 2242 591 2280 tum
601 2228 695 2300 frigida
703 2242 764 2284 toto

87 2324 220 2380 Paulatim
229 2324 347 2377 exsolvit
356 2324 382 2376 se
394 2340 508 2392 corpore
521 2363 529 2389 ,
540 2326 663 2394 lentaque
675 2328 744 2379 colla

87 2425 121 2477 Et
133 2438 240 2493 captum
251 2422 326 2475 letho
338 2419 428 2490 posuit
437 2434 537 2490 caput,
553 2439 624 2475 arma
635 2422 788 2494 relinquens
798 2444 806 2488 3
836 2428 890 2498 830

86 2520 208 2591 Vitaque
219 2537 279 2573 cum
293 2519 395 2591 gemitu
405 2516 473 2590 fugit
483 2519 617 2591 indignata
625 2521 672 2574 sub
681 2523 795 2580 umbras.

86 2620 159 2672 Turn
167 2617 236 2672 vero
245 2618 388 2672 immensus
399 2617 505 2688 surgens
515 2617 577 2673 serit
588 2635 666 2673 aurea
676 2622 778 2676 clamor

86 2717 178 2776 Sidera
191 2734 198 2768 ε
210 2712 309 2782 ἀεὶεᾶἒ
319 2713 445 2769 crudescit
454 2731 543 2783 pugna
553 2715 673 2771 Camilli.

85 2816 226 2868 Incurrunt
237 2812 308 2867 densi
319 2812 395 2866 fimul
408 2811 497 2865 omnis
507 2813 586 2882 copia
596 2814 747 2881 Teucrum,

85 2910 307 2985 Tyrrhenumque
317 2911 395 2996 duces
406 2947 414 2975 ‚
424 2908 591 2981 Evandrique
599 2911 707 2966 Arcadis
719 2915 778 2970 ala.
828 2920 880 2994 835
