2017 3692
174 203 253 282 160
364 173 705 277 AEnarnos
763 244 767 249 ι

167 358 298 433 suscitat.
313 358 340 411 dt
351 357 461 411 stimulis
472 359 543 411 haud
554 355 679 409 mollibus
691 350 777 422 injicit
792 350 860 406 iras.

167 455 237 525 Ergo
252 457 320 508 inter
331 458 413 509 caedes
425 456 597 524 cedentiaque
608 454 712 537 agmina
723 452 851 504 Tarchon

111 553 264 616 730Fertur
272 570 343 629 equo
357 593 364 617 ‚
379 554 513 631 variisque
524 532 628 624 instigat
640 530 751 604 uocibus
764 552 837 612 alas,

167 650 286 703 Nomine
293 668 424 721 quemque
430 644 542 712 vocans,
549 650 686 718 reficitque
694 649 722 700 in
728 646 825 716 proelia
831 644 935 714 pulsos:

167 747 239 813 Quis
247 764 350 812 metus,
359 749 377 800 ὁ
387 763 530 817 numquam
542 747 651 800 dolituri
660 785 667 810 ,
677 746 695 798 ὂ
705 746 808 812 semper
814 743 917 795 inertes

167 844 319 913 Tyrrheni,
331 863 389 914 quae
401 860 473 897 tanta
483 843 579 897 animis
590 843 696 913 ignavia
706 842 782 894 venit
793 842 804 893 ἒ

168 942 277 994 Femina
288 945 406 1011 palantes
419 942 473 1012 agit
485 982 493 1006 ‚
506 958 585 1011 atque
595 943 652 994 haec
663 940 768 1011 agmina
778 937 884 992 vertit!

113 1048 164 1104 735
174 1036 237 1104 Qud
243 1038 342 1115 ferrum
349 1042 359 1091 ἓ
367 1039 465 1107 quidve
472 1040 528 1092 haec
534 1039 649 1111 gerimus
655 1040 707 1090 tela
714 1035 788 1089 irrita
794 1034 918 1089 dextris?

168 1135 273 1188 Arnon
284 1135 313 1186 in
324 1136 462 1189 Venerem
467 1137 560 1207 segnes
569 1136 750 1204 noliurnaque
760 1135 845 1197 bella,

170 1232 224 1283 Aut
233 1232 278 1285 ubi
287 1250 368 1286 curva
377 1236 475 1288 choros
487 1236 585 1288 indixit
596 1235 660 1288 tibia
671 1233 766 1287 Bacchi
777 1272 787 1297 ,

170 1328 326 1411 Ειΐροᾶεςε
335 1334 415 1401 dapes
425 1334 452 1385 δι
463 1335 548 1401 plenae
559 1336 655 1401 pocula
663 1332 768 1386 mensa.

172 1426 224 1480 Hic
231 1429 373 1493 amor,lroc
379 1428 500 1490 studium3
507 1431 570 1482 dum
576 1430 645 1482 sacra
651 1430 777 1482 secundus
784 1427 921 1509 hamspeat

118 1538 172 1590 740
177 1524 289 1583 Nuntiet
300 1565 307 1590 ,
324 1543 354 1579 ac
365 1528 440 1579 lucos
451 1541 533 1579 vocet
544 1525 628 1579 hostia
640 1525 746 1597 pinguis
758 1525 787 1577 in
798 1528 879 1583 altos.

209 1623 275 1677 Haec
286 1621 379 1676 effatus
388 1662 395 1687 ,
405 1640 504 1693 equum
513 1624 543 1676 in
553 1624 656 1678 medios
666 1623 811 1677 moriturus
822 1625 850 1677 &
861 1625 921 1694 ipse

174 1698 317 1784 concitat,
334 1721 360 1773 δι
372 1722 481 1776 Venulo
492 1722 630 1775 adversum
640 1722 667 1773 se
679 1720 797 1774 turbidus
807 1721 909 1783 infert·,

173 1798 374 1888 Derepturnque
384 1819 416 1870 ab
424 1834 495 1887 equo
504 1817 596 1870 dextri
605 1817 790 1886 complectitur
798 1818 922 1885 hostem,

173 1916 206 1968 Et
217 1915 348 1985 gremium
360 1929 420 1969 ante
429 1914 505 1967 saum
514 1913 597 1967 multi
605 1914 635 1967 vi
645 1915 765 1968 concitus
777 1916 873 1971 aufert

118 2029 169 2082 745
178 1990 295 2067 Tollitur
304 2014 334 2065 in
343 2014 442 2065 coelum
455 2014 573 2076 clamor,
587 2010 726 2079 cunilique
736 2011 826 2065 Latini

175 2109 341 2163 Convertere
353 2110 545 2193 oculoszvolat
556 2107 649 2179 igneus
661 2125 768 2178 aequore
778 2108 922 2193 Tarchon,

172 2209 255 2260 Arma
265 2206 406 2276 virumque
417 2207 505 2260 ferens
515 2224 522 2259 ε
533 2221 590 2259 nun
601 2205 702 2259 summa
714 2206 794 2275 ipsius
806 2209 838 2261 ab
847 2207 921 2262 hasta

138 2280 143 2291 Ι
172 2303 309 2376 Defringit
319 2305 438 2369 ferrum,
455 2304 481 2356 ἃ
492 2318 579 2372 partes
592 2303 702 2357 rimatur
712 2319 836 2372 apertas,

172 2401 234 2470 Qud
247 2384 345 2457 vulnus
357 2403 453 2457 lethale
463 2403 538 2456 ierat.
553 2400 652 2456 Consti
664 2402 709 2456 ille
718 2419 869 2474 repugnans

116 2498 290 2565 7508ustinet
301 2498 417 2569 aiugulo
429 2500 549 2553 dextram
562 2538 571 2564 ,
583 2500 610 2554 δι
619 2499 677 2552 vim
687 2498 790 2553 viribus
802 2500 871 2556 exit.

172 2598 263 2665 thue
274 2595 371 2647 volans
381 2593 433 2649 alt'e
442 2609 547 2667 raptum
559 2595 619 2650 ciuu
629 2597 703 2649 fulva
711 2597 855 2650 draconem

171 2694 232 2746 Fert
238 2673 522 2762 a'quilaimplicuitque
528 2694 698 2761 pedes‚atque
704 2693 837 2763 unguibus
843 2694 931 2757 hetin

172 2788 280 2841 Saucius
293 2802 319 2840 at
330 2786 437 2856 serpens
446 2787 550 2841 finuosa
559 2788 699 2843 volumina
710 2791 813 2858 versat,

171 2884 337 2956 umerisque
348 2885 439 2940 horret
447 2884 563 2955 squamis
575 2924 583 2951 2
595 2886 622 2939 δι
631 2885 714 2941 libilat
726 2902 772 2941 ore
782 2925 792 2952 ‚
874 2950 879 2957 ‚
