2017 3692
181 316 190 331 ,
281 235 513 319 Lruurr
554 229 645 317 XI.
748 237 821 343 165

63 382 228 477 'Extemplo
238 400 286 455 teli
295 401 432 454 stridorem
441 400 567 471 aurasque
578 399 702 453 sonanter

82 499 177 552 Audiit
185 498 239 552 uni
249 500 353 566 Aruns,
367 499 493 568 haefitque
502 499 532 551 in
541 514 654 567 corpore
663 497 767 550 ferrum.

82 596 166 649 Illum
177 596 356 666 exspirantem
366 596 432 649 socii
444 610 523 665 atque
534 610 654 648 extrema
665 604 815 664 gementem
835 583 885 650 865

87 691 177 745 Obliti
189 692 285 763 ignoto
294 709 449 761 camporum
460 694 489 744 in
497 693 609 761 pulvere
618 692 760 758 linquunt:

88 789 161 858 Opis
171 791 204 842 ad
213 791 356 843 aetlreteum
364 789 460 859 peuuis
470 790 586 842 aufertur
595 787 756 857 Olympum.

126 885 216 938 Prima
224 886 292 956 fugit
301 886 410 939 domina
419 886 514 939 amissa
525 885 595 939 levir
605 887 644 937 ala
656 880 790 937 Camillae

91 981 203 1035 Turbati
211 981 316 1050 fugiunt
324 981 417 1036 Rutuli
428 1021 436 1046 ,
447 981 516 1053 fugit
527 996 586 1035 acer
594 981 704 1040 Atinasr

91 1077 262 1147 DisjeClique
271 1081 349 1133 duces
360 1120 368 1144 ‚
381 1081 546 1150 desolatique
556 1078 668 1150 manipli
841 1074 895 1137 870
1007 1100 1008 1161 s

93 1175 164 1227 Tuta
172 1190 285 1244 petunt,
299 1178 412 1247 &equis
424 1177 508 1230 averfi
520 1179 552 1230 ad
560 1177 661 1230 moenia
670 1178 793 1231 tendunt.

94 1273 152 1325 Nec
163 1273 301 1344 quisquam
311 1273 435 1327 instantes
441 1274 560 1327 Teucros
566 1274 720 1343 lethumque
725 1273 840 1327 serentes

95 1368 245 1423 Sustentare
254 1373 328 1424 valet
336 1370 398 1424 telis
410 1410 418 1435 ‚
428 1386 473 1423 aut
484 1368 570 1423 sistere
579 1368 690 1423 contri:

96 1467 149 1519 Sed
156 1469 234 1519 laxos
243 1468 361 1522 referunt
370 1467 489 1520 humeris
498 1467 683 1537 languentibus
693 1483 768 1520 arcus
779 1506 787 1530 ‚

94 1540 888 1634 'Quadrupedumqueputremcutsuquatitungulacampum.

98 1658 232 1715 Volvitur
242 1661 275 1712 ad
284 1677 374 1715 muros
386 1661 499 1731 caligine
510 1662 628 1714 turbidus
640 1660 696 1714 atri
847 1658 900 1720 876

100 1758 211 1812 Pulvis:
222 1758 249 1811 δι
260 1774 275 1811 e
286 1758 400 1827 speculis
411 1757 537 1827 percussa
548 1757 656 1827 penora
666 1773 763 1813 mattea

100 1854 257 1909 Femineum
266 1857 411 1910 clamorem
420 1858 452 1909 ad
461 1856 525 1929 ¹coeli
536 1855 619 1909 fidera
628 1857 736 1909 tollunt.

102 1951 160 2019 Qui
172 1953 249 2005 cursu
260 1967 351 2022 portas
362 1952 443 2021 primi
452 1952 571 2022 irrupere
580 1966 719 2023 patentes,

103 2053 163 2104 Hos
175 2049 284 2103 inimica
294 2051 372 2118 super
383 2051 472 2104 mixto
482 2051 581 2125 premit
592 2051 697 2122 agmine
710 2052 802 2104 turba:
852 2051 905 2103 880

104 2151 162 2202 Nec
174 2147 570 2220 miseranteffugiuutmortem3
580 2151 624 2203 sed
633 2149 726 2202 limine
735 2148 848 2217 inipso,

106 2246 245 2300 Moenibus
255 2246 284 2299 in
292 2246 403 2316 patriis,
414 2261 492 2316 atque
502 2247 572 2299 inter
580 2262 636 2300 tuta
645 2248 788 2299 domorum

109 2342 222 2397 Confixi
233 2344 368 2413 exspirant
377 2326 487 2398 animas.
500 2344 563 2398 Pars
574 2346 692 2397 claudere
702 2358 815 2411 porram

107 2444 166 2495 Nec
175 2440 255 2494 sociis
263 2440 366 2510 aperire
376 2441 450 2494 viam
460 2479 467 2505 ‚
484 2458 534 2493 nec
542 2440 676 2499 moenibus
684 2441 781 2493 audent

108 2537 238 2606 Accipere
247 2552 354 2591 orantes
366 2555 373 2588 ε
385 2536 524 2605 oriturque
534 2536 680 2589 miserrima
688 2538 771 2590 caedes
857 2539 906 2605 885

110 2634 309 2687 Defendentum
318 2633 399 2686 arruia
407 2633 492 2686 aditus
502 2671 511 2697 ‚
527 2631 608 2703 inque
618 2650 689 2686 arma
698 2647 830 2690 ruenturu

111 2731 232 2795 Exclufi‚
243 2747 303 2785 ante
309 2733 403 2785 oeulos
412 2734 659 2802 lacrymantumque
664 2748 712 2796 ora
717 2744 855 2803 parentum

112 2828 176 2882 Pars
188 2827 219 2880 in
228 2826 464 2897 precipites'soffas
474 2866 482 2892 ‚
493 2840 605 2899 ingente
614 2827 711 2894 mim,

115 2925 265 2989 Volvitur3
282 2925 400 2983 immiffis
412 2943 472 2997 pars
483 2941 551 2982 caca
563 2926 589 2981 δι
599 2927 704 2983 concita
714 2926 802 2983 banis
