2017 3692
304 232 568 315 Calan.
744 259 818 314 an

73 392 171 448 Libera
183 393 345 464 strnplicibus
356 394 426 448 euris
439 414 446 449 t
458 396 511 449 huc
522 393 660 459 imminet,
673 394 762 448 omnis
827 399 832 408 '

73 492 181 563 Dirigit
191 493 244 546 huc
253 493 343 546 sensus
356 494 429 546 :hec
439 511 501 546 cura
510 493 547 546 eli
558 493 659 546 subdita
668 492 754 548 cordi.
828 505 866 560 90

74 591 210 658 Quolibet
221 605 251 642 ut
261 589 353 660 requie
366 590 441 644 villu
452 603 594 644 contentus
606 591 737 655 abundet,

75 688 255 757 iucundoque
263 690 340 741 ¹locet
351 686 503 757 languentia
516 703 629 756 corpora
640 686 746 741 somno.

77 785 107 839 0
119 786 251 854 pecudes,
264 785 282 838 ὁ
294 785 397 850 Panes,
415 784 470 838 &6
483 784 624 854 gratiffima
635 784 738 859 Tempe

77 880 176 935 Fontis
189 882 423 955 Hamadryadum,
435 859 548 950 quarnm
559 897 616 934 non
626 880 710 935 divite
720 883 794 935 cultu

78 980 205 1034 AEntulus
214 980 320 1033 nscraeo
330 978 418 1049 pastor
426 979 474 1031 fibi
483 978 594 1048 quisque
604 979 692 1047 poetae
830 995 865 1048 95

80 1079 207 1132 secutam
217 1077 323 1147 placido
332 1076 444 1130 traducit
453 1076 562 1146 petione
570 1077 666 1131 vitam.
821 1085 829 1088 “

79 1174 191 1228 Talibus
203 1174 233 1227 in
243 1173 334 1227 studiis
345 1175 440 1228 baculo
455 1176 518 1227 dum
530 1174 610 1228 nixus
620 1175 722 1244 apricat

80 1272 174 1327 Pastor
183 1271 237 1343 agit
246 1288 321 1325 curas
332 1311 340 1336 ,
352 1272 379 1324 δι
389 1273 452 1324 dunt
464 1287 522 1324 non
534 1285 589 1324 arte
601 1288 698 1324 canora

83 1368 234 1438 compacti
243 1369 353 1423 solitum
360 1371 512 1423 modulatur
521 1368 648 1422 arundine
658 1382 780 1422 cannen:

84 1467 186 1521 Tendit
198 1466 336 1520 inevethts
349 1466 437 1521 radios
447 1465 615 1536 Hyperionia
625 1466 720 1528 ardor,
839 1478 893 1518 100

82 1563 237 1633 Lucidaque
249 1564 360 1617 aetherio
372 1564 452 1633 ponit
463 1561 615 1616 discrimina
626 1561 745 1623 mundo,

85 1659 148 1728 Qui
162 1658 225 1725 jacit
237 1662 376 1715 Oceanum
385 1661 506 1715 flammas
518 1659 700 1728 inutrutnque
711 1673 827 1728 rapaces.

84 1759 119 1811 Et
131 1757 185 1824 jam
196 1762 377 1829 compellente
386 1776 461 1829 vagae
473 1757 576 1827 pastore
585 1758 692 1827 capella

81 1856 142 1908 lma
153 1855 311 1917 susuttantis
326 1858 481 1925 repetebant
491 1858 524 1909 ad
532 1856 600 1909 vada
609 1854 745 1924 lympha,

86 1954 157 2020 Quae
169 1952 257 2007 subter
264 1952 381 2007 viridena
393 1953 538 2007 refidebant
549 1954 651 2006 coerula
661 1951 791 2005 muscum.
843 1966 891 2020 105

84 2051 100 2106 J
103 2067 143 2102 am
152 2049 252 2103 medias
262 2063 376 2119 opetum
386 2048 470 2117 partis
479 2048 589 2103 evectus
598 2064 655 2102 etat
664 2050 729 2113 Sol,

88 2147 160 2200 Ciam
172 2147 263 2200 densas
273 2146 360 2216 pastor
369 2148 483 2215 pecudes
494 2147 606 2217 cogebat
617 2145 646 2198 in
657 2147 778 2200 umbras:

86 2245 128 2297 Ut
137 2246 232 2312 procul
240 2244 344 2313 aspexit
355 2247 417 2298 luco
426 2244 538 2297 relidere
548 2242 665 2306 virenti,

87 2340 171 2394 Delia
183 2342 255 2406 Diva
268 2380 276 2406 ,
291 2355 339 2394 tuo
350 2361 358 2396 ε
371 2358 426 2411 quo
438 2341 573 2410 quondam
584 2338 657 2392 vitia
668 2339 759 2393 lurore

88 2438 176 2492 Venit
187 2437 342 2508 Nytiileum
354 2438 459 2509 fugiens
470 2435 600 2491 Cadmeis
611 2437 705 2509 Agave
826 2451 829 2458 ’
846 2456 898 2495 110

88 2536 213 2590 Infandas
224 2535 350 2590 scelerata
359 2553 453 2590 manus
463 2553 478 2589 e
487 2537 558 2589 caede
567 2549 674 2588 cruenta
686 2553 694 2588 z

90 2635 161 2704 Quae
173 2633 268 2704 gelidis
277 2635 400 2688 bacchata
411 2633 481 2705 jugis
494 2633 629 2703 requievit
639 2632 668 2686 in
677 2646 772 2698 antro,

91 2731 224 2787 Posteriits
236 2748 345 2800 poenam
355 2732 429 2803 gnati
438 2734 465 2786 se
477 2747 564 2788 morte
573 2733 699 2787 fututam.

91 2832 145 2884 Hic
154 2829 235 2883 etiam
243 2829 326 2884 viridi
337 2831 458 2885 ludentes
467 2829 551 2883 Panes
563 2829 593 2883 in
603 2829 701 2891 herba,

92 2928 126 2982 Et
135 2926 407 2999 SatyriDtyadesque
419 2927 518 2981 choros
527 2925 605 2999 egere
617 2926 733 2996 puelle,
787 2989 791 2994 p
838 2944 896 3001 ,ης
