2017 3692
190 223 246 297 74
387 193 728 278 AErvaroos

190 358 262 411 Mox
270 358 313 410 hic
322 373 382 410 cum
391 358 485 427 spoliis
496 398 504 423 ‚
515 358 619 430 ingenti
628 361 698 413 caede
710 355 834 427 petasii,

190 453 282 507 Assore
293 438 416 508 cernetis.
427 456 484 509 Nec
496 473 548 509 nos
558 457 605 510 via
613 457 680 510 fallit
693 469 805 509 euntes:

191 551 316 604 Vidimus
329 551 447 605 obscuris
459 552 573 620 primam
585 552 632 605 sub
640 554 754 605 vallibus
763 553 857 604 urbem
924 598 928 606 .

137 647 187 700 245
198 649 305 703 Venatu
314 647 412 701 affiduo
425 687 434 713 ,
450 649 477 702 dt
489 662 578 702 totum
587 648 766 719 cognovimus
776 664 892 701 amnem.

229 747 281 800 Hic
290 746 365 799 aunis
377 745 466 816 gravis
478 759 558 815 atque
570 745 653 798 animi
665 761 783 799 maturus
794 745 921 800 Alethes:

192 843 241 896 Dii
252 843 350 913 patrii,
366 858 480 912 quorum
493 843 596 912 semper
611 843 658 896 sub
673 843 782 896 numine
791 841 875 910 Troia
884 841 937 906 esi,

193 942 257 993 Non
265 955 354 994 tamen
363 941 476 994 omnino
488 942 607 994 Teucros
617 943 704 994 delere
715 941 829 1010 paratis,

196 1039 263 1090 Ciam
275 1040 340 1090 tales
352 1037 456 1089 animos
469 1035 616 1101 juvenum,
635 1037 661 1088 δι
671 1050 725 1089 tam
735 1051 806 1089 certa
815 1035 910 1089 tulistis

140 1132 940 1201 250Pedota.Sicmemorausmumetos,dextrasquetenebat

193 1230 341 1282 Amborum
353 1269 362 1293 ‚
379 1230 406 1283 dt
423 1231 531 1283 vultum
543 1231 669 1300 lacrymis
681 1245 760 1299 atque
772 1246 819 1281 ora
830 1229 940 1300 rigabat.

194 1326 262 1392 Qua
274 1327 353 1380 vobis
363 1365 372 1392 ,
384 1344 443 1396 qua.
452 1327 531 1405 digna
544 1366 552 1390 ‚
564 1327 635 1389 viri,
646 1342 696 1395 pto
708 1325 804 1377 talibus
816 1326 883 1378 ausis
896 1366 905 1390 ,

194 1421 305 1475 Praemia
315 1406 388 1491 posse
400 1439 458 1475 tear
469 1421 563 1475 solvi?
574 1421 753 1490 pulcherrima
762 1419 881 1490 primum
1003 1392 1004 1457 i

195 1517 245 1570 Dii
259 1518 399 1587 moresque
412 1519 509 1570 dabunt
521 1516 602 1570 vestri
615 1537 621 1570 ε
635 1533 692 1569 tum
702 1533 789 1571 cetera
798 1520 888 1571 reddet

143 1623 175 1675 25
184 1623 193 1675 ς
202 1614 327 1667 Αᾶυτὺῃι
337 1614 397 1687 pius
407 1613 504 1665 AEneas
513 1653 521 1677 ‚
531 1628 609 1682 atque
620 1612 722 1683 integer
732 1614 783 1666 aevi

197 1710 324 1764 Ascanius
336 1750 344 1775 ,
357 1709 446 1762 metiti
457 1710 524 1763 tanti
536 1726 592 1762 uon
603 1710 746 1764 immemor
757 1727 895 1780 umquam.

235 1808 322 1860 Immo
334 1825 385 1877 ego
400 1824 452 1861 vos
462 1847 470 1871 ,
482 1808 525 1861 cui
536 1809 592 1861 sola
605 1809 673 1862 salus
684 1809 806 1879 genitore
816 1808 944 1876 redusio,

199 1903 306 1972 Excipit
317 1904 457 1968 Ascanius,
471 1921 519 1973 per
530 1921 658 1976 magnos,
669 1905 747 1970 Nise,
758 1905 889 1970 Penates,

200 1999 365 2074 Assaracique
374 2002 481 2067 Larem,
493 2002 520 2054 &
532 2017 603 2053 cattae
612 2001 758 2070 penetralia
769 2001 873 2065 Vestae,

146 2098 199 2151 260
207 2095 349 2157 Obtestor3
362 2114 534 2167 quaecumque
544 2097 611 2148 mihi
620 2098 745 2162 fortuna,
761 2096 879 2168 fidesque
891 2098 946 2165 est,

201 2196 233 2246 In
244 2180 420 2262 vestris‘pouo
430 2192 538 2265 gremiis
549 2213 555 2247 :
569 2210 693 2247 revocate
702 2209 855 2262 parentem,

201 2290 312 2343 Reddite
322 2289 508 2358 conspedium3
521 2288 588 2341 nihil
599 2289 646 2341 illo
658 2289 728 2342 triste
739 2306 859 2358 recepto.
999 2276 1001 2365 i

202 2388 268 2440 Bina
279 2389 346 2440 dabo
358 2401 467 2457 argento
478 2385 592 2454 perfetta
604 2399 683 2455 atque
694 2386 783 2453 aspera
793 2386 875 2456 fignis

202 2482 319 2548 Pocula,
332 2483 436 2536 deviat
447 2477 553 2554 genitor
564 2500 622 2551 quae
632 2482 703 2550 cepit
712 2482 821 2543 Arisht⁴13

151 2588 200 2654 265
210 2582 242 2634 Et
253 2579 370 2650 tripodas
380 2579 518 2650 geminos,
530 2578 588 2630 auri
600 2581 653 2631 duo
664 2595 758 2648 magna
770 2582 883 2646 talenta,

180 2694 182 2697 ’
206 2683 313 2732 Cratera
323 2676 461 2746 antiquum
471 2714 479 2739 ,
491 2692 571 2744 quem
582 2676 624 2726 dat
633 2674 741 2727 Sidonia
753 2676 837 2731 Dido.

205 2776 234 2830 Si
244 2772 311 2830 veti)
323 2790 415 2843 capere
425 2773 547 2837 Italiam,
563 2772 721 2841 sceptrisque
730 2772 814 2841 potiri

205 2870 357 2945 eontigerit
367 2864 485 2937 victori,
501 2871 529 2925 dt
537 2872 630 2941 ptaedae
640 2871 736 2924 ducere
747 2871 848 2948 sortem
859 2890 869 2933 3
